<?xml version="1.0" encoding="UTF-8"?>
<!-- Search-Engine-Total-Number-Of-Results: 438 -->
<collection xmlns="http://www.loc.gov/MARC21/slim">
    <record>
        <controlfield tag="001">55615</controlfield>
        <controlfield tag="000">01016nam\\2200337#\\4500</controlfield>
        <controlfield tag="005">20170412225222.0</controlfield>
        <controlfield tag="008">840618s1983\\\\irq\\\\\r\\\\\\\\\\\eng\u</controlfield>
        <datafield tag="035" ind1=" " ind2=" ">
            <subfield code="a">D0050424</subfield>
        </datafield>
        <datafield tag="035" ind1=" " ind2=" ">
            <subfield code="a">(DHL)150681</subfield>
        </datafield>
        <datafield tag="039" ind1=" " ind2=" ">
            <subfield code="a">DHU</subfield>
        </datafield>
        <datafield tag="040" ind1=" " ind2=" ">
            <subfield code="a">NNUN</subfield>
            <subfield code="b">eng</subfield>
        </datafield>
        <datafield tag="041" ind1=" " ind2=" ">
            <subfield code="a">eng</subfield>
        </datafield>
        <datafield tag="049" ind1=" " ind2=" ">
            <subfield code="a">irq</subfield>
        </datafield>
        <datafield tag="089" ind1=" " ind2=" ">
            <subfield code="a">Reports/studies</subfield>
            <subfield code="b">B16</subfield>
        </datafield>
        <datafield tag="091" ind1=" " ind2=" ">
            <subfield code="a">GEN</subfield>
        </datafield>
        <datafield tag="099" ind1=" " ind2=" ">
            <subfield code="a">UNH</subfield>
            <subfield code="b">DHU</subfield>
        </datafield>
        <datafield tag="191" ind1=" " ind2=" ">
            <subfield code="0">945516</subfield>
            <subfield code="a">E/ECWA/DPD/83/5</subfield>
            <subfield code="b">E/ECWA/DPD/</subfield>
            <subfield code="d">E/ECWA/DPD/</subfield>
            <subfield code="e">83/5</subfield>
            <subfield code="f">007320</subfield>
            <subfield code="q">EECWADPD835</subfield>
            <subfield code="r">EECWADPD</subfield>
        </datafield>
        <datafield tag="245" ind1="1" ind2="0">
            <subfield code="a">Adoption of programme budgeting in the Yemen Arab Republic :</subfield>
            <subfield code="b">report on the Mission to Sana'a from 8 August to 5 September 1983 /</subfield>
            <subfield code="c">by Juan I. Jimenez.</subfield>
        </datafield>
        <datafield tag="260" ind1=" " ind2=" ">
            <subfield code="a">[Baghdad] :</subfield>
            <subfield code="b">UN,</subfield>
            <subfield code="c">4 Oct. 1983.</subfield>
        </datafield>
        <datafield tag="269" ind1=" " ind2=" ">
            <subfield code="a">19831004</subfield>
        </datafield>
        <datafield tag="300" ind1=" " ind2=" ">
            <subfield code="a">55 p. :</subfield>
            <subfield code="b">tables.</subfield>
        </datafield>
        <datafield tag="650" ind1="0" ind2="7">
            <subfield code="0">1277956</subfield>
            <subfield code="a">SPECIAL MISSIONS</subfield>
        </datafield>
        <datafield tag="650" ind1="0" ind2="7">
            <subfield code="0">1278466</subfield>
            <subfield code="a">GOVERNMENT BUDGETING</subfield>
        </datafield>
        <datafield tag="650" ind1="0" ind2="7">
            <subfield code="0">1278475</subfield>
            <subfield code="a">PROGRAMME BUDGETING</subfield>
        </datafield>
        <datafield tag="650" ind1="0" ind2="7">
            <subfield code="0">1278398</subfield>
            <subfield code="a">DEVELOPMENT PLANNING</subfield>
        </datafield>
        <datafield tag="650" ind1="0" ind2="7">
            <subfield code="0">1283243</subfield>
            <subfield code="a">PROGRAMME IMPLEMENTATION</subfield>
        </datafield>
        <datafield tag="650" ind1="0" ind2="7">
            <subfield code="0">1282565</subfield>
            <subfield code="a">PROGRAMME EVALUATION</subfield>
        </datafield>
        <datafield tag="651" ind1="0" ind2="7">
            <subfield code="0">1282272</subfield>
            <subfield code="a">YEMEN</subfield>
        </datafield>
        <datafield tag="700" ind1="1" ind2="0">
            <subfield code="0">959646</subfield>
            <subfield code="a">Jimenez, Juan I.</subfield>
        </datafield>
        <datafield tag="856" ind1="4" ind2=" ">
            <subfield code="s">3022345</subfield>
            <subfield code="u">http://digitallibrary.un.org/record/55615/files/E_ECWA_DPD_83_5-EN.pdf</subfield>
            <subfield code="y">English</subfield>
        </datafield>
        <datafield tag="930" ind1=" " ind2=" ">
            <subfield code="a">UNDCUM83</subfield>
        </datafield>
        <datafield tag="955" ind1=" " ind2=" ">
            <subfield code="a">13706300</subfield>
        </datafield>
        <datafield tag="980" ind1=" " ind2=" ">
            <subfield code="a">BIB</subfield>
        </datafield>
        <datafield tag="989" ind1=" " ind2=" ">
            <subfield code="a">Documents and Publications</subfield>
            <subfield code="b">Reports</subfield>
        </datafield>
        <datafield tag="998" ind1=" " ind2=" ">
            <subfield code="a">19961222190000</subfield>
            <subfield code="c">20160901090700</subfield>
            <subfield code="d">shkcat</subfield>
        </datafield>
    </record>