

    
    <record>
        <controlfield tag="001">858151</controlfield>
        <controlfield tag="000">00000nam\\2200025#a\4500</controlfield>
        <controlfield tag="005">20170412131932.0</controlfield>
        <controlfield tag="008">170201s1974\\\\usa\\\\#r\\\\\|||1|\eng\d</controlfield>
        <datafield tag="035" ind1=" " ind2=" ">
            <subfield code="a">(DHL)1120851</subfield>
        </datafield>
        <datafield tag="039" ind1=" " ind2=" ">
            <subfield code="a">DHU</subfield>
        </datafield>
        <datafield tag="040" ind1=" " ind2=" ">
            <subfield code="a">NNUN</subfield>
            <subfield code="b">eng</subfield>
        </datafield>
        <datafield tag="041" ind1=" " ind2=" ">
            <subfield code="a">engfre</subfield>
        </datafield>
        <datafield tag="049" ind1=" " ind2=" ">
            <subfield code="a">usa</subfield>
        </datafield>
        <datafield tag="089" ind1=" " ind2=" ">
            <subfield code="b">B04</subfield>
        </datafield>
        <datafield tag="091" ind1=" " ind2=" ">
            <subfield code="a">GEN</subfield>
        </datafield>
        <datafield tag="099" ind1=" " ind2=" ">
            <subfield code="a">UNH</subfield>
            <subfield code="b">DHU</subfield>
        </datafield>
        <datafield tag="191" ind1=" " ind2=" ">
            <subfield code="0">971956</subfield>
            <subfield code="a">E/5539</subfield>
            <subfield code="b">E/</subfield>
            <subfield code="c">57</subfield>
            <subfield code="q">E5539</subfield>
            <subfield code="r">E57</subfield>
        </datafield>
        <datafield tag="191" ind1=" " ind2=" ">
            <subfield code="0">1274342</subfield>
            <subfield code="a">E/ECWA/9</subfield>
            <subfield code="b">E/ECWA/</subfield>
            <subfield code="c">1</subfield>
            <subfield code="q">EECWA9</subfield>
            <subfield code="r">EECWA1</subfield>
        </datafield>
        <datafield tag="245" ind1="1" ind2="0">
            <subfield code="a">Economic Commission for Western Asia :</subfield>
            <subfield code="b">report on the 1st session, 3-8 June 1974</subfield>
        </datafield>
        <datafield tag="260" ind1=" " ind2=" ">
            <subfield code="a">New York :</subfield>
            <subfield code="b">UN,</subfield>
            <subfield code="c">1974</subfield>
        </datafield>
        <datafield tag="269" ind1=" " ind2=" ">
            <subfield code="a">1974</subfield>
        </datafield>
        <datafield tag="300" ind1=" " ind2=" ">
            <subfield code="a">82 p.</subfield>
        </datafield>
        <datafield tag="495" ind1=" " ind2=" ">
            <subfield code="a">ESCOR, 57th sess., Suppl. no. 10</subfield>
        </datafield>
        <datafield tag="610" ind1="2" ind2="7">
            <subfield code="0">1276252</subfield>
            <subfield code="2">unbisn</subfield>
            <subfield code="a">UN. ECWA (1st sess. : 1974 : Beirut)</subfield>
        </datafield>
        <datafield tag="650" ind1="1" ind2="7">
            <subfield code="0">1278419</subfield>
            <subfield code="2">unbist</subfield>
            <subfield code="a">REGIONAL COOPERATION</subfield>
        </datafield>
        <datafield tag="651" ind1="1" ind2="7">
            <subfield code="0">1282273</subfield>
            <subfield code="2">unbist</subfield>
            <subfield code="a">WESTERN ASIA</subfield>
        </datafield>
        <datafield tag="710" ind1="2" ind2=" ">
            <subfield code="0">1276252</subfield>
            <subfield code="a">UN. ECWA (1st sess. : 1974 : Beirut)</subfield>
        </datafield>
        <datafield tag="830" ind1=" " ind2=" ">
            <subfield code="0">1275403</subfield>
            <subfield code="a">Economic and Social Council. Official Records. Supplement</subfield>
        </datafield>
        <datafield tag="830" ind1=" " ind2=" ">
            <subfield code="0">1275616</subfield>
            <subfield code="a">Report of the Economic and Social Commission for Western Asia</subfield>
        </datafield>
        <datafield tag="856" ind1="4" ind2=" ">
            <subfield code="s">4989850</subfield>
            <subfield code="u">http://digitallibrary.un.org/record/858151/files/E_5539_E_ECWA_9-EN.pdf</subfield>
            <subfield code="y">English</subfield>
        </datafield>
        <datafield tag="856" ind1="4" ind2=" ">
            <subfield code="s">5630141</subfield>
            <subfield code="u">http://digitallibrary.un.org/record/858151/files/E_5539_E_ECWA_9-FR.pdf</subfield>
            <subfield code="y">Français</subfield>
        </datafield>
        <datafield tag="930" ind1=" " ind2=" ">
            <subfield code="a">UNDFE17</subfield>
        </datafield>
        <datafield tag="980" ind1=" " ind2=" ">
            <subfield code="a">BIB</subfield>
        </datafield>
        <datafield tag="989" ind1=" " ind2=" ">
            <subfield code="a">Documents and Publications</subfield>
            <subfield code="b">Reports</subfield>
            <subfield code="c">Annual and Sessional Reports</subfield>
        </datafield>
        <datafield tag="998" ind1=" " ind2=" ">
            <subfield code="a">20170201094900</subfield>
            <subfield code="b">vvcat</subfield>
            <subfield code="c">20170201190000</subfield>
        </datafield>
        <datafield tag="999" ind1=" " ind2=" ">
            <subfield code="a">vvc20170201</subfield>
            <subfield code="b">20170201</subfield>
            <subfield code="c">c</subfield>
        </datafield>
    </record>