

    
    <record>
        <controlfield tag="001">832756</controlfield>
        <controlfield tag="000">00609nam\\22002417a\4500</controlfield>
        <controlfield tag="005">20170412234731.0</controlfield>
        <controlfield tag="008">160623s1975\\\\usa\\\\#r\\\\\|||\|\eng\|</controlfield>
        <datafield tag="029" ind1=" " ind2=" ">
            <subfield code="a">JN</subfield>
            <subfield code="b">NL152112 E</subfield>
        </datafield>
        <datafield tag="035" ind1=" " ind2=" ">
            <subfield code="a">(DHL)1094080</subfield>
        </datafield>
        <datafield tag="039" ind1=" " ind2=" ">
            <subfield code="a">DHU</subfield>
        </datafield>
        <datafield tag="040" ind1=" " ind2=" ">
            <subfield code="a">NNUN</subfield>
            <subfield code="b">eng</subfield>
        </datafield>
        <datafield tag="041" ind1=" " ind2=" ">
            <subfield code="a">araengfre</subfield>
        </datafield>
        <datafield tag="049" ind1=" " ind2=" ">
            <subfield code="a">usa</subfield>
        </datafield>
        <datafield tag="091" ind1=" " ind2=" ">
            <subfield code="a">GEN</subfield>
        </datafield>
        <datafield tag="099" ind1=" " ind2=" ">
            <subfield code="a">UNH</subfield>
            <subfield code="b">DHU</subfield>
        </datafield>
        <datafield tag="191" ind1=" " ind2=" ">
            <subfield code="0">971955</subfield>
            <subfield code="a">E/5658</subfield>
            <subfield code="b">E/</subfield>
            <subfield code="c">59</subfield>
            <subfield code="q">E5658</subfield>
            <subfield code="r">E59</subfield>
        </datafield>
        <datafield tag="191" ind1=" " ind2=" ">
            <subfield code="0">1274340</subfield>
            <subfield code="a">E/ECWA/28</subfield>
            <subfield code="b">E/ECWA/</subfield>
            <subfield code="c">2</subfield>
            <subfield code="q">EECWA28</subfield>
            <subfield code="r">EECWA2</subfield>
        </datafield>
        <datafield tag="245" ind1="1" ind2="0">
            <subfield code="a">ECONOMIC COMMISSION FOR WESTERN ASIA : REPORT ON THE 2nd SESSION, 5-10 May 1975</subfield>
        </datafield>
        <datafield tag="260" ind1=" " ind2=" ">
            <subfield code="a">[New York] :</subfield>
            <subfield code="b">UN,</subfield>
            <subfield code="c">1975</subfield>
        </datafield>
        <datafield tag="269" ind1=" " ind2=" ">
            <subfield code="a">1975</subfield>
        </datafield>
        <datafield tag="300" ind1=" " ind2=" ">
            <subfield code="a">120 p.</subfield>
        </datafield>
        <datafield tag="596" ind1=" " ind2=" ">
            <subfield code="a">Retrospective indexing.</subfield>
        </datafield>
        <datafield tag="830" ind1=" " ind2=" ">
            <subfield code="0">1275403</subfield>
            <subfield code="a">Economic and Social Council. Official Records. Supplement</subfield>
        </datafield>
        <datafield tag="830" ind1=" " ind2=" ">
            <subfield code="0">1275616</subfield>
            <subfield code="a">Report of the Economic and Social Commission for Western Asia</subfield>
        </datafield>
        <datafield tag="856" ind1="4" ind2=" ">
            <subfield code="s">6693137</subfield>
            <subfield code="u">http://digitallibrary.un.org/record/832756/files/E_5658_E_ECWA_28-AR.pdf</subfield>
            <subfield code="y">العربية</subfield>
        </datafield>
        <datafield tag="856" ind1="4" ind2=" ">
            <subfield code="s">8222746</subfield>
            <subfield code="u">http://digitallibrary.un.org/record/832756/files/E_5658_E_ECWA_28-EN.pdf</subfield>
            <subfield code="y">English</subfield>
        </datafield>
        <datafield tag="856" ind1="4" ind2=" ">
            <subfield code="s">9122933</subfield>
            <subfield code="u">http://digitallibrary.un.org/record/832756/files/E_5658_E_ECWA_28-FR.pdf</subfield>
            <subfield code="y">Français</subfield>
        </datafield>
        <datafield tag="930" ind1=" " ind2=" ">
            <subfield code="a">UND</subfield>
        </datafield>
        <datafield tag="930" ind1=" " ind2=" ">
            <subfield code="a">DIG</subfield>
        </datafield>
        <datafield tag="980" ind1=" " ind2=" ">
            <subfield code="a">BIB</subfield>
        </datafield>
        <datafield tag="989" ind1=" " ind2=" ">
            <subfield code="a">Documents and Publications</subfield>
        </datafield>
        <datafield tag="998" ind1=" " ind2=" ">
            <subfield code="a">20160624121900</subfield>
            <subfield code="b">rpcatsa</subfield>
            <subfield code="c">20170123094500</subfield>
            <subfield code="d">tbcat</subfield>
        </datafield>
        <datafield tag="999" ind1=" " ind2=" ">
            <subfield code="a">rpp20160623</subfield>
            <subfield code="b">20160623</subfield>
            <subfield code="c">p</subfield>
        </datafield>
        <datafield tag="999" ind1=" " ind2=" ">
            <subfield code="a">pau20161109</subfield>
            <subfield code="b">20161109</subfield>
            <subfield code="c">u</subfield>
        </datafield>
        <datafield tag="999" ind1=" " ind2=" ">
            <subfield code="a">tbu20170123</subfield>
            <subfield code="b">20170123</subfield>
            <subfield code="c">u</subfield>
        </datafield>
    </record>