

    
    <record>
        <controlfield tag="001">682581</controlfield>
        <controlfield tag="000">00883nam\\2200325#a\4500</controlfield>
        <controlfield tag="005">20170412234626.0</controlfield>
        <controlfield tag="008">850101s1985\\\\irq\\\\#r\\\\\|||\|\eng\u</controlfield>
        <datafield tag="029" ind1=" " ind2=" ">
            <subfield code="a">JN</subfield>
            <subfield code="b">G8500928 E</subfield>
        </datafield>
        <datafield tag="035" ind1=" " ind2=" ">
            <subfield code="a">(DHL)923211</subfield>
        </datafield>
        <datafield tag="039" ind1=" " ind2=" ">
            <subfield code="a">GUN</subfield>
        </datafield>
        <datafield tag="040" ind1=" " ind2=" ">
            <subfield code="a">SzGeBNU</subfield>
            <subfield code="b">eng</subfield>
        </datafield>
        <datafield tag="041" ind1=" " ind2=" ">
            <subfield code="a">engara</subfield>
        </datafield>
        <datafield tag="049" ind1=" " ind2=" ">
            <subfield code="a">irq</subfield>
        </datafield>
        <datafield tag="089" ind1=" " ind2=" ">
            <subfield code="a">Miscellaneous (UN)</subfield>
            <subfield code="b">B19</subfield>
        </datafield>
        <datafield tag="091" ind1=" " ind2=" ">
            <subfield code="a">GEN</subfield>
        </datafield>
        <datafield tag="099" ind1=" " ind2=" ">
            <subfield code="a">UNG</subfield>
            <subfield code="b">GUN</subfield>
        </datafield>
        <datafield tag="191" ind1=" " ind2=" ">
            <subfield code="0">943910</subfield>
            <subfield code="a">E/ECWA/NR/83/2/Rev.1</subfield>
            <subfield code="b">E/ECWA/NR/</subfield>
            <subfield code="d">E/ECWA/NR/</subfield>
            <subfield code="e">83/2/Rev.1</subfield>
            <subfield code="q">EECWANR832REV1</subfield>
            <subfield code="r">EECWANR</subfield>
        </datafield>
        <datafield tag="245" ind1="1" ind2="0">
            <subfield code="a">Survey and Economic Analysis of the Actual and Potential Development of Industrial Mineral Deposits in the ECWA region</subfield>
        </datafield>
        <datafield tag="260" ind1=" " ind2=" ">
            <subfield code="a">Baghdad :</subfield>
            <subfield code="b">UN,</subfield>
            <subfield code="c">1985</subfield>
        </datafield>
        <datafield tag="269" ind1=" " ind2=" ">
            <subfield code="a">1985</subfield>
        </datafield>
        <datafield tag="300" ind1=" " ind2=" ">
            <subfield code="a">viii, 183 p.</subfield>
        </datafield>
        <datafield tag="597" ind1="1" ind2=" ">
            <subfield code="a">Retrospective indexing.</subfield>
        </datafield>
        <datafield tag="650" ind1="1" ind2="7">
            <subfield code="0">1278934</subfield>
            <subfield code="2">unbist</subfield>
            <subfield code="a">MINERALS</subfield>
        </datafield>
        <datafield tag="650" ind1="1" ind2="7">
            <subfield code="0">1278347</subfield>
            <subfield code="2">unbist</subfield>
            <subfield code="a">ECONOMIC ANALYSIS</subfield>
        </datafield>
        <datafield tag="650" ind1="1" ind2="7">
            <subfield code="0">1283931</subfield>
            <subfield code="2">unbist</subfield>
            <subfield code="a">SURVEYS</subfield>
        </datafield>
        <datafield tag="651" ind1="1" ind2="7">
            <subfield code="0">1282273</subfield>
            <subfield code="2">unbist</subfield>
            <subfield code="a">WESTERN ASIA</subfield>
        </datafield>
        <datafield tag="710" ind1="2" ind2=" ">
            <subfield code="0">871428</subfield>
            <subfield code="a">UN. ECWA. Secretariat</subfield>
        </datafield>
        <datafield tag="856" ind1="4" ind2=" ">
            <subfield code="s">12384235</subfield>
            <subfield code="u">http://digitallibrary.un.org/record/682581/files/E_ECWA_NR_83_2_Rev.1-AR.pdf</subfield>
            <subfield code="y">العربية</subfield>
        </datafield>
        <datafield tag="930" ind1=" " ind2=" ">
            <subfield code="a">DIG</subfield>
        </datafield>
        <datafield tag="930" ind1=" " ind2=" ">
            <subfield code="a">UND</subfield>
        </datafield>
        <datafield tag="980" ind1=" " ind2=" ">
            <subfield code="a">BIB</subfield>
        </datafield>
        <datafield tag="989" ind1=" " ind2=" ">
            <subfield code="a">Documents and Publications</subfield>
        </datafield>
        <datafield tag="998" ind1=" " ind2=" ">
            <subfield code="a">20100517043400</subfield>
            <subfield code="b">tlcat</subfield>
            <subfield code="c">20100601115400</subfield>
            <subfield code="d">tlcat</subfield>
        </datafield>
        <datafield tag="999" ind1=" " ind2=" ">
            <subfield code="a">tac20100517</subfield>
            <subfield code="b">20100517</subfield>
            <subfield code="c">c</subfield>
        </datafield>
        <datafield tag="999" ind1=" " ind2=" ">
            <subfield code="a">tau20100531</subfield>
            <subfield code="b">20100531</subfield>
            <subfield code="c">u</subfield>
        </datafield>
    </record>