

    
    <record>
        <controlfield tag="001">636074</controlfield>
        <controlfield tag="000">00000nam\\2200025#a\4500</controlfield>
        <controlfield tag="005">20170412131457.0</controlfield>
        <controlfield tag="008">080905s1975\\\\usa\\\\#r\\\\\|||1|\eng\d</controlfield>
        <datafield tag="035" ind1=" " ind2=" ">
            <subfield code="a">D0357299</subfield>
        </datafield>
        <datafield tag="035" ind1=" " ind2=" ">
            <subfield code="a">(DHL)872362</subfield>
        </datafield>
        <datafield tag="039" ind1=" " ind2=" ">
            <subfield code="a">DHU</subfield>
        </datafield>
        <datafield tag="040" ind1=" " ind2=" ">
            <subfield code="a">NNUN</subfield>
            <subfield code="b">eng</subfield>
        </datafield>
        <datafield tag="041" ind1=" " ind2=" ">
            <subfield code="a">arachiengfrerusspa</subfield>
        </datafield>
        <datafield tag="049" ind1=" " ind2=" ">
            <subfield code="a">usa</subfield>
        </datafield>
        <datafield tag="089" ind1=" " ind2=" ">
            <subfield code="b">B04</subfield>
        </datafield>
        <datafield tag="091" ind1=" " ind2=" ">
            <subfield code="a">GEN</subfield>
        </datafield>
        <datafield tag="099" ind1=" " ind2=" ">
            <subfield code="a">UNH</subfield>
            <subfield code="b">DHU</subfield>
            <subfield code="c">UNE(01)/R3</subfield>
            <subfield code="q">UNE01R3</subfield>
        </datafield>
        <datafield tag="191" ind1=" " ind2=" ">
            <subfield code="0">971956</subfield>
            <subfield code="a">E/5589</subfield>
            <subfield code="b">E/</subfield>
            <subfield code="c">57</subfield>
            <subfield code="q">E5589</subfield>
            <subfield code="r">E57</subfield>
        </datafield>
        <datafield tag="191" ind1=" " ind2=" ">
            <subfield code="0">1202720</subfield>
            <subfield code="a">E/ECWA/12</subfield>
            <subfield code="b">E/ECWA/</subfield>
            <subfield code="c">1sp</subfield>
            <subfield code="q">EECWA12</subfield>
            <subfield code="r">EECWA1SP</subfield>
        </datafield>
        <datafield tag="245" ind1="1" ind2="0">
            <subfield code="a">Economic Commission for Western Asia :</subfield>
            <subfield code="b">report of the 1st special session, (9 and 10 September 1974)</subfield>
        </datafield>
        <datafield tag="260" ind1=" " ind2=" ">
            <subfield code="a">New York :</subfield>
            <subfield code="b">UN,</subfield>
            <subfield code="c">1975</subfield>
        </datafield>
        <datafield tag="269" ind1=" " ind2=" ">
            <subfield code="a">1975</subfield>
        </datafield>
        <datafield tag="300" ind1=" " ind2=" ">
            <subfield code="a">iii, 7 p.</subfield>
        </datafield>
        <datafield tag="495" ind1=" " ind2=" ">
            <subfield code="a">ESCOR, 57th sess., Suppl. no. 10A</subfield>
        </datafield>
        <datafield tag="596" ind1=" " ind2=" ">
            <subfield code="a">No job no.</subfield>
        </datafield>
        <datafield tag="610" ind1="2" ind2="7">
            <subfield code="0">1202734</subfield>
            <subfield code="2">unbisn</subfield>
            <subfield code="a">UN. ECWA (1st special  sess. : 1974 : Beirut)</subfield>
            <subfield code="g">Work organization</subfield>
        </datafield>
        <datafield tag="610" ind1="2" ind2="7">
            <subfield code="0">1202735</subfield>
            <subfield code="2">unbisn</subfield>
            <subfield code="a">UN. ECWA (1st special  sess. : 1974 : Beirut)</subfield>
            <subfield code="g">Resolutions and decisions</subfield>
        </datafield>
        <datafield tag="650" ind1="1" ind2="7">
            <subfield code="0">1278419</subfield>
            <subfield code="2">unbist</subfield>
            <subfield code="a">REGIONAL COOPERATION</subfield>
        </datafield>
        <datafield tag="651" ind1="1" ind2="7">
            <subfield code="0">1282273</subfield>
            <subfield code="2">unbist</subfield>
            <subfield code="a">WESTERN ASIA</subfield>
        </datafield>
        <datafield tag="710" ind1="2" ind2=" ">
            <subfield code="0">1202736</subfield>
            <subfield code="a">UN. ECWA (1st special  sess. : 1974 : Beirut)</subfield>
        </datafield>
        <datafield tag="830" ind1=" " ind2=" ">
            <subfield code="0">1275403</subfield>
            <subfield code="a">Economic and Social Council. Official Records. Supplement</subfield>
        </datafield>
        <datafield tag="830" ind1=" " ind2=" ">
            <subfield code="0">1275616</subfield>
            <subfield code="a">Report of the Economic and Social Commission for Western Asia</subfield>
        </datafield>
        <datafield tag="856" ind1="4" ind2=" ">
            <subfield code="s">279845</subfield>
            <subfield code="u">http://digitallibrary.un.org/record/636074/files/E_5589_E_ECWA_12-AR.pdf</subfield>
            <subfield code="y">العربية</subfield>
        </datafield>
        <datafield tag="856" ind1="4" ind2=" ">
            <subfield code="s">345169</subfield>
            <subfield code="u">http://digitallibrary.un.org/record/636074/files/E_5589_E_ECWA_12-EN.pdf</subfield>
            <subfield code="y">English</subfield>
        </datafield>
        <datafield tag="930" ind1=" " ind2=" ">
            <subfield code="a">UNDSE08</subfield>
        </datafield>
        <datafield tag="949" ind1=" " ind2=" ">
            <subfield code="9">UNE(01)/R3</subfield>
            <subfield code="b">10000008723621</subfield>
            <subfield code="c">c. 1</subfield>
            <subfield code="d">20080904200000</subfield>
            <subfield code="i">1579346</subfield>
            <subfield code="k">unes</subfield>
            <subfield code="l">DHL</subfield>
            <subfield code="m">14day</subfield>
            <subfield code="z">t</subfield>
        </datafield>
        <datafield tag="980" ind1=" " ind2=" ">
            <subfield code="a">BIB</subfield>
        </datafield>
        <datafield tag="989" ind1=" " ind2=" ">
            <subfield code="a">Documents and Publications</subfield>
            <subfield code="b">Reports</subfield>
            <subfield code="c">Annual and Sessional Reports</subfield>
        </datafield>
        <datafield tag="998" ind1=" " ind2=" ">
            <subfield code="a">20080905073300</subfield>
            <subfield code="b">rtcat</subfield>
            <subfield code="c">20170123094500</subfield>
            <subfield code="d">tbcat</subfield>
        </datafield>
        <datafield tag="999" ind1=" " ind2=" ">
            <subfield code="a">TTr20080910</subfield>
            <subfield code="b">20080910</subfield>
            <subfield code="c">r</subfield>
        </datafield>
        <datafield tag="999" ind1=" " ind2=" ">
            <subfield code="a">pgc20080908</subfield>
            <subfield code="b">20080908</subfield>
            <subfield code="c">c</subfield>
        </datafield>
        <datafield tag="999" ind1=" " ind2=" ">
            <subfield code="a">rtq20080905</subfield>
            <subfield code="b">20080905</subfield>
            <subfield code="c">q</subfield>
        </datafield>
        <datafield tag="999" ind1=" " ind2=" ">
            <subfield code="a">vwu20090327</subfield>
            <subfield code="b">20090327</subfield>
            <subfield code="c">u</subfield>
        </datafield>
        <datafield tag="999" ind1=" " ind2=" ">
            <subfield code="a">tbu20170123</subfield>
            <subfield code="b">20170123</subfield>
            <subfield code="c">u</subfield>
        </datafield>
    </record>