

    
    <record>
        <controlfield tag="001">153868</controlfield>
        <controlfield tag="000">00776nam\\2200301z\\4500</controlfield>
        <controlfield tag="005">20170412234644.0</controlfield>
        <controlfield tag="008">921120s1978\\\\lbn\\\\\r\\\\\\\\\\\eng\u</controlfield>
        <datafield tag="035" ind1=" " ind2=" ">
            <subfield code="a">D0140061</subfield>
        </datafield>
        <datafield tag="035" ind1=" " ind2=" ">
            <subfield code="a">(DHL)293848</subfield>
        </datafield>
        <datafield tag="039" ind1=" " ind2=" ">
            <subfield code="a">DHU</subfield>
        </datafield>
        <datafield tag="040" ind1=" " ind2=" ">
            <subfield code="a">NNUN</subfield>
            <subfield code="b">eng</subfield>
        </datafield>
        <datafield tag="041" ind1=" " ind2=" ">
            <subfield code="a">araeng</subfield>
        </datafield>
        <datafield tag="049" ind1=" " ind2=" ">
            <subfield code="a">lbn</subfield>
        </datafield>
        <datafield tag="069" ind1=" " ind2=" ">
            <subfield code="a">PAL</subfield>
            <subfield code="b">A10</subfield>
        </datafield>
        <datafield tag="089" ind1=" " ind2=" ">
            <subfield code="a">Miscellaneous (UN)</subfield>
            <subfield code="b">B19</subfield>
        </datafield>
        <datafield tag="091" ind1=" " ind2=" ">
            <subfield code="a">GEN</subfield>
        </datafield>
        <datafield tag="099" ind1=" " ind2=" ">
            <subfield code="a">UNH</subfield>
            <subfield code="b">DHU</subfield>
        </datafield>
        <datafield tag="191" ind1=" " ind2=" ">
            <subfield code="0">1274345</subfield>
            <subfield code="a">E/ECWA/57/Add.2</subfield>
            <subfield code="b">E/ECWA/</subfield>
            <subfield code="c">5</subfield>
            <subfield code="d">E/ECWA/</subfield>
            <subfield code="e">57/Add.2</subfield>
            <subfield code="f">000011</subfield>
            <subfield code="q">EECWA57ADD2</subfield>
            <subfield code="r">EECWA5</subfield>
        </datafield>
        <datafield tag="245" ind1="1" ind2="4">
            <subfield code="a">The Palestinian people.</subfield>
        </datafield>
        <datafield tag="260" ind1=" " ind2=" ">
            <subfield code="a">Beirut :</subfield>
            <subfield code="b">ECWA,</subfield>
            <subfield code="c">1978.</subfield>
        </datafield>
        <datafield tag="269" ind1=" " ind2=" ">
            <subfield code="a">1978</subfield>
        </datafield>
        <datafield tag="500" ind1=" " ind2=" ">
            <subfield code="a">In: The brain drain problem in ECWA countries, p. 44-45.</subfield>
        </datafield>
        <datafield tag="650" ind1="0" ind2="7">
            <subfield code="0">1282499</subfield>
            <subfield code="a">PALESTINIANS</subfield>
        </datafield>
        <datafield tag="650" ind1="0" ind2="7">
            <subfield code="0">1280794</subfield>
            <subfield code="a">BRAIN DRAIN</subfield>
        </datafield>
        <datafield tag="710" ind1="2" ind2="0">
            <subfield code="0">864482</subfield>
            <subfield code="a">UN. ECWA</subfield>
        </datafield>
        <datafield tag="856" ind1="4" ind2=" ">
            <subfield code="s">3074717</subfield>
            <subfield code="u">http://digitallibrary.un.org/record/153868/files/E_ECWA_57_Add.2-AR.pdf</subfield>
            <subfield code="y">العربية</subfield>
        </datafield>
        <datafield tag="856" ind1="4" ind2=" ">
            <subfield code="s">3918773</subfield>
            <subfield code="u">http://digitallibrary.un.org/record/153868/files/E_ECWA_57_Add.2-EN.pdf</subfield>
            <subfield code="y">English</subfield>
        </datafield>
        <datafield tag="930" ind1=" " ind2=" ">
            <subfield code="a">PALXXX92</subfield>
            <subfield code="b">000493</subfield>
        </datafield>
        <datafield tag="930" ind1=" " ind2=" ">
            <subfield code="a">CWA</subfield>
        </datafield>
        <datafield tag="930" ind1=" " ind2=" ">
            <subfield code="a">UND</subfield>
        </datafield>
        <datafield tag="955" ind1=" " ind2=" ">
            <subfield code="a">13696300</subfield>
        </datafield>
        <datafield tag="980" ind1=" " ind2=" ">
            <subfield code="a">BIB</subfield>
        </datafield>
        <datafield tag="989" ind1=" " ind2=" ">
            <subfield code="a">Documents and Publications</subfield>
        </datafield>
        <datafield tag="998" ind1=" " ind2=" ">
            <subfield code="a">19961226190000</subfield>
            <subfield code="c">20161109060900</subfield>
            <subfield code="d">pacat</subfield>
        </datafield>
        <datafield tag="999" ind1=" " ind2=" ">
            <subfield code="a">pau20161109</subfield>
            <subfield code="b">20161109</subfield>
            <subfield code="c">u</subfield>
        </datafield>
    </record>