

    
    <record>
        <controlfield tag="001">153866</controlfield>
        <controlfield tag="000">00875nam\\2200325z\\4500</controlfield>
        <controlfield tag="005">20170412234611.0</controlfield>
        <controlfield tag="008">921120s1976\\\\lbn\\\\\r\\\\\\\\\\\eng\u</controlfield>
        <datafield tag="035" ind1=" " ind2=" ">
            <subfield code="a">D0140059</subfield>
        </datafield>
        <datafield tag="035" ind1=" " ind2=" ">
            <subfield code="a">(DHL)293846</subfield>
        </datafield>
        <datafield tag="039" ind1=" " ind2=" ">
            <subfield code="a">DHU</subfield>
        </datafield>
        <datafield tag="040" ind1=" " ind2=" ">
            <subfield code="a">NNUN</subfield>
            <subfield code="b">eng</subfield>
        </datafield>
        <datafield tag="041" ind1=" " ind2=" ">
            <subfield code="a">eng</subfield>
        </datafield>
        <datafield tag="049" ind1=" " ind2=" ">
            <subfield code="a">lbn</subfield>
        </datafield>
        <datafield tag="069" ind1=" " ind2=" ">
            <subfield code="a">PAL</subfield>
            <subfield code="b">M01</subfield>
        </datafield>
        <datafield tag="089" ind1=" " ind2=" ">
            <subfield code="a">Miscellaneous (UN)</subfield>
            <subfield code="b">B19</subfield>
        </datafield>
        <datafield tag="091" ind1=" " ind2=" ">
            <subfield code="a">GEN</subfield>
        </datafield>
        <datafield tag="099" ind1=" " ind2=" ">
            <subfield code="a">UNH</subfield>
            <subfield code="b">DHU</subfield>
        </datafield>
        <datafield tag="191" ind1=" " ind2=" ">
            <subfield code="0">944526</subfield>
            <subfield code="a">E/ECWA/POP/WG.5/16</subfield>
            <subfield code="b">E/ECWA/</subfield>
            <subfield code="d">E/ECWA/</subfield>
            <subfield code="e">POP/WG.5/16</subfield>
            <subfield code="f">000013</subfield>
            <subfield code="q">EECWAPOPWG516</subfield>
            <subfield code="r">EECWA</subfield>
        </datafield>
        <datafield tag="245" ind1="1" ind2="0">
            <subfield code="a">Demographic conditions on the West Bank after the 1948 war.</subfield>
        </datafield>
        <datafield tag="260" ind1=" " ind2=" ">
            <subfield code="a">Beirut :</subfield>
            <subfield code="b">ECWA,</subfield>
            <subfield code="c">1976.</subfield>
        </datafield>
        <datafield tag="269" ind1=" " ind2=" ">
            <subfield code="a">1976</subfield>
        </datafield>
        <datafield tag="650" ind1="0" ind2="7">
            <subfield code="0">1280123</subfield>
            <subfield code="a">POPULATION COMPOSITION</subfield>
        </datafield>
        <datafield tag="650" ind1="0" ind2="7">
            <subfield code="0">1280068</subfield>
            <subfield code="a">DEMOGRAPHIC ANALYSIS</subfield>
        </datafield>
        <datafield tag="650" ind1="0" ind2="7">
            <subfield code="0">1278082</subfield>
            <subfield code="a">PALESTINE QUESTION</subfield>
        </datafield>
        <datafield tag="650" ind1="0" ind2="7">
            <subfield code="0">1278084</subfield>
            <subfield code="a">TERRITORIES OCCUPIED BY ISRAEL</subfield>
        </datafield>
        <datafield tag="651" ind1="0" ind2="7">
            <subfield code="0">1277330</subfield>
            <subfield code="a">WEST BANK (STATE OF PALESTINE)</subfield>
        </datafield>
        <datafield tag="710" ind1="2" ind2="0">
            <subfield code="0">864482</subfield>
            <subfield code="a">UN. ECWA</subfield>
        </datafield>
        <datafield tag="930" ind1=" " ind2=" ">
            <subfield code="a">PALXXX92</subfield>
            <subfield code="b">000927</subfield>
        </datafield>
        <datafield tag="930" ind1=" " ind2=" ">
            <subfield code="a">CWA</subfield>
        </datafield>
        <datafield tag="930" ind1=" " ind2=" ">
            <subfield code="a">UND</subfield>
        </datafield>
        <datafield tag="955" ind1=" " ind2=" ">
            <subfield code="a">13727000</subfield>
        </datafield>
        <datafield tag="980" ind1=" " ind2=" ">
            <subfield code="a">BIB</subfield>
        </datafield>
        <datafield tag="989" ind1=" " ind2=" ">
            <subfield code="a">Documents and Publications</subfield>
        </datafield>
        <datafield tag="998" ind1=" " ind2=" ">
            <subfield code="a">19961226190000</subfield>
            <subfield code="c">20130822074200</subfield>
            <subfield code="d">amcat</subfield>
        </datafield>
    </record>