

    
    <record>
        <controlfield tag="001">129521</controlfield>
        <controlfield tag="000">02044nam\\2200673#\\4500</controlfield>
        <controlfield tag="005">20170412132322.0</controlfield>
        <controlfield tag="008">911024s1982\\\\usa\\\\\r\\\\\\\\\\\eng\u</controlfield>
        <datafield tag="035" ind1=" " ind2=" ">
            <subfield code="a">D0128946</subfield>
        </datafield>
        <datafield tag="035" ind1=" " ind2=" ">
            <subfield code="a">(DHL)258946</subfield>
        </datafield>
        <datafield tag="039" ind1=" " ind2=" ">
            <subfield code="a">DHU</subfield>
        </datafield>
        <datafield tag="040" ind1=" " ind2=" ">
            <subfield code="a">NNUN</subfield>
            <subfield code="b">eng</subfield>
        </datafield>
        <datafield tag="041" ind1=" " ind2=" ">
            <subfield code="a">engarachifrerusspa</subfield>
        </datafield>
        <datafield tag="049" ind1=" " ind2=" ">
            <subfield code="a">usa</subfield>
        </datafield>
        <datafield tag="069" ind1=" " ind2=" ">
            <subfield code="a">PAL</subfield>
            <subfield code="b">A03</subfield>
        </datafield>
        <datafield tag="089" ind1=" " ind2=" ">
            <subfield code="a">Annual/sessional reports (UN)</subfield>
            <subfield code="b">B04</subfield>
        </datafield>
        <datafield tag="091" ind1=" " ind2=" ">
            <subfield code="a">GEN</subfield>
        </datafield>
        <datafield tag="099" ind1=" " ind2=" ">
            <subfield code="a">UNH</subfield>
            <subfield code="b">DHU</subfield>
            <subfield code="c">UNE(01)/R3</subfield>
            <subfield code="q">UNE01R3</subfield>
        </datafield>
        <datafield tag="191" ind1=" " ind2=" ">
            <subfield code="0">947752</subfield>
            <subfield code="a">E/1982/22</subfield>
            <subfield code="b">E/</subfield>
            <subfield code="c">1982</subfield>
            <subfield code="d">E/</subfield>
            <subfield code="e">1982/22</subfield>
            <subfield code="f">000003</subfield>
            <subfield code="q">E198222</subfield>
            <subfield code="r">E1982</subfield>
        </datafield>
        <datafield tag="191" ind1=" " ind2=" ">
            <subfield code="0">951925</subfield>
            <subfield code="a">E/ECWA/157/Rev.1</subfield>
            <subfield code="b">E/ECWA/</subfield>
            <subfield code="c">9</subfield>
            <subfield code="d">E/ECWA/</subfield>
            <subfield code="e">157/Rev.1</subfield>
            <subfield code="f">000114</subfield>
            <subfield code="q">EECWA157REV1</subfield>
            <subfield code="r">EECWA9</subfield>
        </datafield>
        <datafield tag="245" ind1="1" ind2="0">
            <subfield code="a">Economic Commission for Western Asia :</subfield>
            <subfield code="b">report on the 9th session, 8-12 May 1982.</subfield>
        </datafield>
        <datafield tag="260" ind1=" " ind2=" ">
            <subfield code="a">New York :</subfield>
            <subfield code="b">UN,</subfield>
            <subfield code="c">1982.</subfield>
        </datafield>
        <datafield tag="269" ind1=" " ind2=" ">
            <subfield code="a">1982</subfield>
        </datafield>
        <datafield tag="300" ind1=" " ind2=" ">
            <subfield code="a">iii, 53, [1] p.</subfield>
        </datafield>
        <datafield tag="495" ind1=" " ind2=" ">
            <subfield code="a">ESCor, 1982, Suppl. no. 12</subfield>
        </datafield>
        <datafield tag="610" ind1="2" ind2="7">
            <subfield code="0">985729</subfield>
            <subfield code="a">UN. ECWA</subfield>
            <subfield code="g">ACTIVITIES (1981)</subfield>
        </datafield>
        <datafield tag="610" ind1="2" ind2="7">
            <subfield code="0">985730</subfield>
            <subfield code="a">UN. ECWA (9TH SESS. : 1982 : BAGHDAD)</subfield>
            <subfield code="g">WORK ORGANIZATION.</subfield>
        </datafield>
        <datafield tag="610" ind1="2" ind2="7">
            <subfield code="0">985731</subfield>
            <subfield code="a">UN. ECWA (9TH SESS. : 1982 : BAGHDAD)</subfield>
            <subfield code="g">RESOLUTIONS AND DECISIONS.</subfield>
        </datafield>
        <datafield tag="610" ind1="2" ind2="4">
            <subfield code="0">942968</subfield>
            <subfield code="a">UN. ECWA</subfield>
            <subfield code="g">MEDIUM-TERM PLAN (1984-1989)</subfield>
        </datafield>
        <datafield tag="610" ind1="2" ind2="7">
            <subfield code="0">864724</subfield>
            <subfield code="a">PLO</subfield>
        </datafield>
        <datafield tag="610" ind1="2" ind2="7">
            <subfield code="0">864774</subfield>
            <subfield code="a">UNFPA</subfield>
        </datafield>
        <datafield tag="611" ind1="2" ind2="7">
            <subfield code="0">871976</subfield>
            <subfield code="a">World Assembly on Ageing (1st : 1982 : Vienna)</subfield>
        </datafield>
        <datafield tag="630" ind1="0" ind2="7">
            <subfield code="0">868637</subfield>
            <subfield code="a">International Youth Year (1985)</subfield>
        </datafield>
        <datafield tag="650" ind1="0" ind2="7">
            <subfield code="0">1280996</subfield>
            <subfield code="a">FLOODS</subfield>
        </datafield>
        <datafield tag="650" ind1="0" ind2="7">
            <subfield code="0">1281003</subfield>
            <subfield code="a">DISASTER RELIEF</subfield>
        </datafield>
        <datafield tag="650" ind1="0" ind2="7">
            <subfield code="0">1282971</subfield>
            <subfield code="a">FOOD SECURITY</subfield>
        </datafield>
        <datafield tag="650" ind1="0" ind2="7">
            <subfield code="0">1282644</subfield>
            <subfield code="a">RESOLUTIONS AND DECISIONS</subfield>
        </datafield>
        <datafield tag="650" ind1="0" ind2="7">
            <subfield code="0">1281649</subfield>
            <subfield code="a">DOCUMENTS</subfield>
        </datafield>
        <datafield tag="650" ind1="0" ind2="7">
            <subfield code="0">1282578</subfield>
            <subfield code="a">PUBLICATIONS</subfield>
        </datafield>
        <datafield tag="650" ind1="0" ind2="7">
            <subfield code="0">1282595</subfield>
            <subfield code="a">WORK ORGANIZATION</subfield>
        </datafield>
        <datafield tag="650" ind1="0" ind2="7">
            <subfield code="0">1278348</subfield>
            <subfield code="a">ECONOMIC CONDITIONS</subfield>
        </datafield>
        <datafield tag="650" ind1="0" ind2="7">
            <subfield code="0">1281246</subfield>
            <subfield code="a">SOCIAL CONDITIONS</subfield>
        </datafield>
        <datafield tag="650" ind1="0" ind2="7">
            <subfield code="0">1282499</subfield>
            <subfield code="a">PALESTINIANS</subfield>
        </datafield>
        <datafield tag="650" ind1="0" ind2="7">
            <subfield code="0">1278084</subfield>
            <subfield code="a">TERRITORIES OCCUPIED BY ISRAEL</subfield>
        </datafield>
        <datafield tag="650" ind1="0" ind2="7">
            <subfield code="0">1280122</subfield>
            <subfield code="a">POPULATION CENSUSES</subfield>
        </datafield>
        <datafield tag="650" ind1="0" ind2="7">
            <subfield code="0">1283233</subfield>
            <subfield code="a">LOCATION OF OFFICES</subfield>
        </datafield>
        <datafield tag="650" ind1="0" ind2="7">
            <subfield code="0">1280761</subfield>
            <subfield code="a">SCHOOLS</subfield>
        </datafield>
        <datafield tag="650" ind1="0" ind2="7">
            <subfield code="0">1282594</subfield>
            <subfield code="a">TRUST FUNDS</subfield>
        </datafield>
        <datafield tag="650" ind1="0" ind2="7">
            <subfield code="0">1281070</subfield>
            <subfield code="a">AGEING PERSONS</subfield>
        </datafield>
        <datafield tag="650" ind1="0" ind2="7">
            <subfield code="0">1283254</subfield>
            <subfield code="a">CONFERENCES</subfield>
        </datafield>
        <datafield tag="650" ind1="0" ind2="7">
            <subfield code="0">1281289</subfield>
            <subfield code="a">YOUTH</subfield>
        </datafield>
        <datafield tag="650" ind1="0" ind2="7">
            <subfield code="0">1281214</subfield>
            <subfield code="a">INTERNATIONAL YEARS</subfield>
        </datafield>
        <datafield tag="650" ind1="0" ind2="7">
            <subfield code="0">1283244</subfield>
            <subfield code="a">MEDIUM-TERM PLAN</subfield>
        </datafield>
        <datafield tag="650" ind1="0" ind2="7">
            <subfield code="0">1282993</subfield>
            <subfield code="a">INTER-AGENCY COOPERATION</subfield>
        </datafield>
        <datafield tag="651" ind1="0" ind2="7">
            <subfield code="0">1282260</subfield>
            <subfield code="a">DEMOCRATIC YEMEN</subfield>
        </datafield>
        <datafield tag="651" ind1="0" ind2="7">
            <subfield code="0">1282273</subfield>
            <subfield code="a">WESTERN ASIA</subfield>
        </datafield>
        <datafield tag="710" ind1="2" ind2="0">
            <subfield code="0">905693</subfield>
            <subfield code="a">UN. ECWA (9th sess. : 1982 : Baghdad)</subfield>
        </datafield>
        <datafield tag="830" ind1=" " ind2=" ">
            <subfield code="0">1275403</subfield>
            <subfield code="a">Economic and Social Council. Official Records. Supplement</subfield>
        </datafield>
        <datafield tag="830" ind1=" " ind2=" ">
            <subfield code="0">1275616</subfield>
            <subfield code="a">Report of the Economic and Social Commission for Western Asia</subfield>
        </datafield>
        <datafield tag="856" ind1="4" ind2=" ">
            <subfield code="s">5529599</subfield>
            <subfield code="u">http://digitallibrary.un.org/record/129521/files/E_1982_22_E_ECWA_157_Rev.1-AR.pdf</subfield>
            <subfield code="y">العربية</subfield>
        </datafield>
        <datafield tag="856" ind1="4" ind2=" ">
            <subfield code="s">10911775</subfield>
            <subfield code="u">http://digitallibrary.un.org/record/129521/files/E_1982_22_E_ECWA_157_Rev.1-EN.pdf</subfield>
            <subfield code="y">English</subfield>
        </datafield>
        <datafield tag="856" ind1="4" ind2=" ">
            <subfield code="s">7385540</subfield>
            <subfield code="u">http://digitallibrary.un.org/record/129521/files/E_1982_22_E_ECWA_157_Rev.1-FR.pdf</subfield>
            <subfield code="y">Français</subfield>
        </datafield>
        <datafield tag="930" ind1=" " ind2=" ">
            <subfield code="a">PALXXX92</subfield>
            <subfield code="b">000142</subfield>
        </datafield>
        <datafield tag="930" ind1=" " ind2=" ">
            <subfield code="a">CWA</subfield>
        </datafield>
        <datafield tag="930" ind1=" " ind2=" ">
            <subfield code="a">UND</subfield>
        </datafield>
        <datafield tag="955" ind1=" " ind2=" ">
            <subfield code="a">09290800</subfield>
        </datafield>
        <datafield tag="980" ind1=" " ind2=" ">
            <subfield code="a">BIB</subfield>
        </datafield>
        <datafield tag="989" ind1=" " ind2=" ">
            <subfield code="a">Documents and Publications</subfield>
            <subfield code="b">Reports</subfield>
            <subfield code="c">Annual and Sessional Reports</subfield>
        </datafield>
        <datafield tag="998" ind1=" " ind2=" ">
            <subfield code="a">19961225190000</subfield>
            <subfield code="c">20170123093900</subfield>
            <subfield code="d">tbcat</subfield>
        </datafield>
        <datafield tag="999" ind1=" " ind2=" ">
            <subfield code="a">tbu20170123</subfield>
            <subfield code="b">20170123</subfield>
            <subfield code="c">u</subfield>
        </datafield>
    </record>