

    
    <record>
        <controlfield tag="001">123404</controlfield>
        <controlfield tag="000">00841nam\\2200277#\\4500</controlfield>
        <controlfield tag="005">20170412235139.0</controlfield>
        <controlfield tag="008">861202s1985\\\\irq\\\\\r\\\\\\\\\\\eng\u</controlfield>
        <datafield tag="035" ind1=" " ind2=" ">
            <subfield code="a">D0081140</subfield>
        </datafield>
        <datafield tag="035" ind1=" " ind2=" ">
            <subfield code="a">(DHL)247746</subfield>
        </datafield>
        <datafield tag="039" ind1=" " ind2=" ">
            <subfield code="a">DHU</subfield>
        </datafield>
        <datafield tag="040" ind1=" " ind2=" ">
            <subfield code="a">NNUN</subfield>
            <subfield code="b">eng</subfield>
        </datafield>
        <datafield tag="041" ind1=" " ind2=" ">
            <subfield code="a">engara</subfield>
        </datafield>
        <datafield tag="049" ind1=" " ind2=" ">
            <subfield code="a">irq</subfield>
        </datafield>
        <datafield tag="089" ind1=" " ind2=" ">
            <subfield code="a">Miscellaneous (UN)</subfield>
            <subfield code="b">B19</subfield>
        </datafield>
        <datafield tag="091" ind1=" " ind2=" ">
            <subfield code="a">GEN</subfield>
        </datafield>
        <datafield tag="099" ind1=" " ind2=" ">
            <subfield code="a">UNH</subfield>
            <subfield code="b">DHU</subfield>
        </datafield>
        <datafield tag="191" ind1=" " ind2=" ">
            <subfield code="0">981290</subfield>
            <subfield code="a">E/ECWA/UNCTC/85/4</subfield>
            <subfield code="b">E/ECWA/UNCTC/</subfield>
            <subfield code="d">E/ECWA/UNCTC/</subfield>
            <subfield code="e">85/4</subfield>
            <subfield code="f">006486</subfield>
            <subfield code="q">EECWAUNCTC854</subfield>
            <subfield code="r">EECWAUNCTC</subfield>
        </datafield>
        <datafield tag="245" ind1="1" ind2="4">
            <subfield code="a">The status of the formulation of the Code of Conduct on Transnational Corporations by end of 1985.</subfield>
        </datafield>
        <datafield tag="260" ind1=" " ind2=" ">
            <subfield code="a">[Baghdad] :</subfield>
            <subfield code="b">UN,</subfield>
            <subfield code="c">1 Aug. 1985.</subfield>
        </datafield>
        <datafield tag="269" ind1=" " ind2=" ">
            <subfield code="a">19850801</subfield>
        </datafield>
        <datafield tag="300" ind1=" " ind2=" ">
            <subfield code="a">ii, 81 p.</subfield>
        </datafield>
        <datafield tag="630" ind1="0" ind2="7">
            <subfield code="0">869808</subfield>
            <subfield code="a">Code of Conduct on Transnational Corporations (Draft)</subfield>
        </datafield>
        <datafield tag="650" ind1="0" ind2="7">
            <subfield code="0">1278568</subfield>
            <subfield code="a">TRANSNATIONAL CORPORATIONS</subfield>
        </datafield>
        <datafield tag="650" ind1="0" ind2="7">
            <subfield code="0">1282847</subfield>
            <subfield code="a">CODES OF CONDUCT</subfield>
        </datafield>
        <datafield tag="930" ind1=" " ind2=" ">
            <subfield code="a">UNDAPR87</subfield>
        </datafield>
        <datafield tag="955" ind1=" " ind2=" ">
            <subfield code="a">13736200</subfield>
        </datafield>
        <datafield tag="980" ind1=" " ind2=" ">
            <subfield code="a">BIB</subfield>
        </datafield>
        <datafield tag="989" ind1=" " ind2=" ">
            <subfield code="a">Documents and Publications</subfield>
        </datafield>
        <datafield tag="998" ind1=" " ind2=" ">
            <subfield code="a">19961224190000</subfield>
            <subfield code="c">19971025142600</subfield>
        </datafield>
    </record>