

    
    <record>
        <controlfield tag="001">115592</controlfield>
        <controlfield tag="000">01079nam\\2200277#\\4500</controlfield>
        <controlfield tag="005">20170412235112.0</controlfield>
        <controlfield tag="008">860520s1985\\\\irq\\\\\r\\\\\\\\\\\eng\u</controlfield>
        <datafield tag="035" ind1=" " ind2=" ">
            <subfield code="a">D0073940</subfield>
        </datafield>
        <datafield tag="035" ind1=" " ind2=" ">
            <subfield code="a">(DHL)239346</subfield>
        </datafield>
        <datafield tag="039" ind1=" " ind2=" ">
            <subfield code="a">DHU</subfield>
        </datafield>
        <datafield tag="040" ind1=" " ind2=" ">
            <subfield code="a">NNUN</subfield>
            <subfield code="b">eng</subfield>
        </datafield>
        <datafield tag="041" ind1=" " ind2=" ">
            <subfield code="a">eng</subfield>
        </datafield>
        <datafield tag="049" ind1=" " ind2=" ">
            <subfield code="a">irq</subfield>
        </datafield>
        <datafield tag="089" ind1=" " ind2=" ">
            <subfield code="a">Miscellaneous (UN)</subfield>
            <subfield code="b">B19</subfield>
        </datafield>
        <datafield tag="091" ind1=" " ind2=" ">
            <subfield code="a">GEN</subfield>
        </datafield>
        <datafield tag="099" ind1=" " ind2=" ">
            <subfield code="a">UNH</subfield>
            <subfield code="b">DHU</subfield>
        </datafield>
        <datafield tag="191" ind1=" " ind2=" ">
            <subfield code="0">981763</subfield>
            <subfield code="a">E/ECWA/ID/85/1</subfield>
            <subfield code="b">E/ECWA/ID/</subfield>
            <subfield code="d">E/ECWA/ID/</subfield>
            <subfield code="e">85/1</subfield>
            <subfield code="f">007785</subfield>
            <subfield code="q">EECWAID851</subfield>
            <subfield code="r">EECWAID</subfield>
        </datafield>
        <datafield tag="245" ind1="1" ind2="0">
            <subfield code="a">Regional co-operation in development of capital goods and engineering industries in ECWA :</subfield>
            <subfield code="b">background paper /</subfield>
            <subfield code="c">prepared by Joint ECWA/UNIDO Industry Division.</subfield>
        </datafield>
        <datafield tag="260" ind1=" " ind2=" ">
            <subfield code="a">[Baghdad] :</subfield>
            <subfield code="b">UN,</subfield>
            <subfield code="c">May 1985.</subfield>
        </datafield>
        <datafield tag="269" ind1=" " ind2=" ">
            <subfield code="a">198505</subfield>
        </datafield>
        <datafield tag="300" ind1=" " ind2=" ">
            <subfield code="a">19 p. :</subfield>
            <subfield code="b">table.</subfield>
        </datafield>
        <datafield tag="500" ind1=" " ind2=" ">
            <subfield code="a">On t.p. : Second Consultation Meeting on the Capital Goods Industry and Energy-Related Technology and Equipment, 10-14 June, Sweden.</subfield>
        </datafield>
        <datafield tag="710" ind1="2" ind2="0">
            <subfield code="0">871445</subfield>
            <subfield code="a">Joint ECWA/UNIDO Industry Division</subfield>
        </datafield>
        <datafield tag="711" ind1="2" ind2="0">
            <subfield code="0">887042</subfield>
            <subfield code="a">Consultation Meeting on the Capital Goods Industry and Energy-related Technology and Equipment (2nd : 1985 : Stockholm)</subfield>
        </datafield>
        <datafield tag="856" ind1="4" ind2=" ">
            <subfield code="s">788580</subfield>
            <subfield code="u">http://digitallibrary.un.org/record/115592/files/E_ECWA_ID_85_1-EN.pdf</subfield>
            <subfield code="y">English</subfield>
        </datafield>
        <datafield tag="930" ind1=" " ind2=" ">
            <subfield code="a">UNDSEP86</subfield>
        </datafield>
        <datafield tag="955" ind1=" " ind2=" ">
            <subfield code="a">13711200</subfield>
        </datafield>
        <datafield tag="980" ind1=" " ind2=" ">
            <subfield code="a">BIB</subfield>
        </datafield>
        <datafield tag="989" ind1=" " ind2=" ">
            <subfield code="a">Documents and Publications</subfield>
        </datafield>
        <datafield tag="998" ind1=" " ind2=" ">
            <subfield code="a">19961224190000</subfield>
            <subfield code="c">20090330104200</subfield>
            <subfield code="d">vwcat2</subfield>
        </datafield>
    </record>