

    
    <record>
        <controlfield tag="001">115589</controlfield>
        <controlfield tag="000">01369nam\\2200385#\\4500</controlfield>
        <controlfield tag="005">20170412235112.0</controlfield>
        <controlfield tag="008">860520s1985\\\\irq\\\\\r\\\\\\\\\\\eng\u</controlfield>
        <datafield tag="035" ind1=" " ind2=" ">
            <subfield code="a">D0073937</subfield>
        </datafield>
        <datafield tag="035" ind1=" " ind2=" ">
            <subfield code="a">(DHL)239343</subfield>
        </datafield>
        <datafield tag="039" ind1=" " ind2=" ">
            <subfield code="a">DHU</subfield>
        </datafield>
        <datafield tag="040" ind1=" " ind2=" ">
            <subfield code="a">NNUN</subfield>
            <subfield code="b">eng</subfield>
        </datafield>
        <datafield tag="041" ind1=" " ind2=" ">
            <subfield code="a">eng</subfield>
        </datafield>
        <datafield tag="049" ind1=" " ind2=" ">
            <subfield code="a">irq</subfield>
        </datafield>
        <datafield tag="089" ind1=" " ind2=" ">
            <subfield code="a">Source materials -- Draft</subfield>
            <subfield code="b">A17</subfield>
        </datafield>
        <datafield tag="091" ind1=" " ind2=" ">
            <subfield code="a">GEN</subfield>
        </datafield>
        <datafield tag="099" ind1=" " ind2=" ">
            <subfield code="a">UNH</subfield>
            <subfield code="b">DHU</subfield>
        </datafield>
        <datafield tag="191" ind1=" " ind2=" ">
            <subfield code="0">954438</subfield>
            <subfield code="a">E/ECWA/TCT/85/6</subfield>
            <subfield code="b">E/ECWA/TCT/</subfield>
            <subfield code="d">E/ECWA/TCT/</subfield>
            <subfield code="e">85/6</subfield>
            <subfield code="f">007792</subfield>
            <subfield code="q">EECWATCT856</subfield>
            <subfield code="r">EECWATCT</subfield>
        </datafield>
        <datafield tag="245" ind1="1" ind2="0">
            <subfield code="a">Programme of Action for the Transport and Communications Decade in Western Asia, 1985-1994.</subfield>
        </datafield>
        <datafield tag="260" ind1=" " ind2=" ">
            <subfield code="a">[Baghdad] :</subfield>
            <subfield code="b">UN,</subfield>
            <subfield code="c">10 May 1985.</subfield>
        </datafield>
        <datafield tag="269" ind1=" " ind2=" ">
            <subfield code="a">19850510</subfield>
        </datafield>
        <datafield tag="300" ind1=" " ind2=" ">
            <subfield code="a">i, 22 p.</subfield>
        </datafield>
        <datafield tag="500" ind1=" " ind2=" ">
            <subfield code="a">"Annex: [ECWA resolution] 138(XII) Transport and Communications Decade in Asia and the Pacific": p. 21-22.</subfield>
        </datafield>
        <datafield tag="630" ind1="0" ind2="7">
            <subfield code="0">888073</subfield>
            <subfield code="a">Regional Action Programme for the Transport and Communications Decade for Asia and the Pacific, 1985-1996</subfield>
        </datafield>
        <datafield tag="650" ind1="0" ind2="7">
            <subfield code="0">1278419</subfield>
            <subfield code="a">REGIONAL COOPERATION</subfield>
        </datafield>
        <datafield tag="650" ind1="0" ind2="7">
            <subfield code="0">1279724</subfield>
            <subfield code="a">TRANSPORT</subfield>
        </datafield>
        <datafield tag="650" ind1="0" ind2="7">
            <subfield code="0">1279875</subfield>
            <subfield code="a">COMMUNICATIONS</subfield>
        </datafield>
        <datafield tag="650" ind1="0" ind2="7">
            <subfield code="0">1279729</subfield>
            <subfield code="a">TRANSPORT INFRASTRUCTURE</subfield>
        </datafield>
        <datafield tag="650" ind1="0" ind2="7">
            <subfield code="0">1282997</subfield>
            <subfield code="a">INTERNATIONAL DECADES</subfield>
        </datafield>
        <datafield tag="650" ind1="0" ind2="7">
            <subfield code="0">1282637</subfield>
            <subfield code="a">PROGRAMMES OF ACTION</subfield>
        </datafield>
        <datafield tag="650" ind1="0" ind2="7">
            <subfield code="0">1277918</subfield>
            <subfield code="a">INTERNATIONAL COOPERATION</subfield>
        </datafield>
        <datafield tag="651" ind1="0" ind2="7">
            <subfield code="0">1282273</subfield>
            <subfield code="a">WESTERN ASIA</subfield>
        </datafield>
        <datafield tag="651" ind1="0" ind2="7">
            <subfield code="0">1282450</subfield>
            <subfield code="a">ASIA AND THE PACIFIC</subfield>
        </datafield>
        <datafield tag="730" ind1="0" ind2="0">
            <subfield code="0">981759</subfield>
            <subfield code="a">Programme of Action for the Transport and Communications Decade in Western Asia (1985-1994) (Draft)</subfield>
        </datafield>
        <datafield tag="856" ind1="4" ind2=" ">
            <subfield code="s">998074</subfield>
            <subfield code="u">http://digitallibrary.un.org/record/115589/files/E_ECWA_TCT_85_6-EN.pdf</subfield>
            <subfield code="y">English</subfield>
        </datafield>
        <datafield tag="930" ind1=" " ind2=" ">
            <subfield code="a">UNDSEP86</subfield>
        </datafield>
        <datafield tag="955" ind1=" " ind2=" ">
            <subfield code="a">13735700</subfield>
        </datafield>
        <datafield tag="980" ind1=" " ind2=" ">
            <subfield code="a">BIB</subfield>
        </datafield>
        <datafield tag="989" ind1=" " ind2=" ">
            <subfield code="a">Documents and Publications</subfield>
        </datafield>
        <datafield tag="998" ind1=" " ind2=" ">
            <subfield code="a">19961224190000</subfield>
            <subfield code="c">20060130124800</subfield>
            <subfield code="d">nccat</subfield>
        </datafield>
    </record>