

    
    <record>
        <controlfield tag="001">113789</controlfield>
        <controlfield tag="000">01875nam\\2200409#\\4500</controlfield>
        <controlfield tag="005">20170412235108.0</controlfield>
        <controlfield tag="008">860421s1985\\\\irq\\\\\r\\\\\\\\\\\eng\u</controlfield>
        <datafield tag="035" ind1=" " ind2=" ">
            <subfield code="a">D0072966</subfield>
        </datafield>
        <datafield tag="035" ind1=" " ind2=" ">
            <subfield code="a">(DHL)236941</subfield>
        </datafield>
        <datafield tag="039" ind1=" " ind2=" ">
            <subfield code="a">DHU</subfield>
        </datafield>
        <datafield tag="040" ind1=" " ind2=" ">
            <subfield code="a">NNUN</subfield>
            <subfield code="b">eng</subfield>
        </datafield>
        <datafield tag="041" ind1=" " ind2=" ">
            <subfield code="a">eng</subfield>
        </datafield>
        <datafield tag="049" ind1=" " ind2=" ">
            <subfield code="a">irq</subfield>
        </datafield>
        <datafield tag="089" ind1=" " ind2=" ">
            <subfield code="a">Conferences, etc.</subfield>
            <subfield code="b">A16</subfield>
        </datafield>
        <datafield tag="091" ind1=" " ind2=" ">
            <subfield code="a">GEN</subfield>
        </datafield>
        <datafield tag="099" ind1=" " ind2=" ">
            <subfield code="a">UNH</subfield>
            <subfield code="b">DHU</subfield>
        </datafield>
        <datafield tag="191" ind1=" " ind2=" ">
            <subfield code="0">981288</subfield>
            <subfield code="a">E/ECWA/NR/85/WG.3/WP.13/Rev.1</subfield>
            <subfield code="b">E/ECWA/NR/85/WG.3/</subfield>
            <subfield code="c">1985</subfield>
            <subfield code="d">E/ECWA/NR/85/WG.3/</subfield>
            <subfield code="e">WP.13/Rev.1</subfield>
            <subfield code="f">007790</subfield>
            <subfield code="q">EECWANR85WG3WP13REV1</subfield>
            <subfield code="r">EECWANR85WG31985</subfield>
        </datafield>
        <datafield tag="245" ind1="1" ind2="0">
            <subfield code="a">Final regional report :</subfield>
            <subfield code="b">Ad Hoc Expert Group Meeting on "Mid-Decade Review on the Implementation of the Vienna Programme of Action on Science and Technology for Development", 17-20 February 1985, Baghdad.</subfield>
        </datafield>
        <datafield tag="260" ind1=" " ind2=" ">
            <subfield code="a">[Baghdad] :</subfield>
            <subfield code="b">UN,</subfield>
            <subfield code="c">21 Feb. 1985.</subfield>
        </datafield>
        <datafield tag="269" ind1=" " ind2=" ">
            <subfield code="a">19850221</subfield>
        </datafield>
        <datafield tag="300" ind1=" " ind2=" ">
            <subfield code="a">iii, 54, [34] p. :</subfield>
            <subfield code="b">charts, tables.</subfield>
        </datafield>
        <datafield tag="500" ind1=" " ind2=" ">
            <subfield code="a">At head of title: United Nations Centre for Science and Technology for Development.</subfield>
        </datafield>
        <datafield tag="611" ind1="2" ind2="7">
            <subfield code="0">981289</subfield>
            <subfield code="a">AD HOC EXPERT GROUP MEETING ON "MID-DECADE REVIEW ON THE IMPLEMENTATION OF THE VIENNA PROGRAMME OF ACTION ON SCIENCE AND TECHNOLOGY FOR DEVELOPMENT" (1985 : BAGHDAD)</subfield>
            <subfield code="g">PARTICIPANTS.</subfield>
        </datafield>
        <datafield tag="630" ind1="0" ind2="7">
            <subfield code="0">870522</subfield>
            <subfield code="a">Vienna Programme of Action on Science and Technology for Development (1979)</subfield>
        </datafield>
        <datafield tag="650" ind1="0" ind2="7">
            <subfield code="0">1281762</subfield>
            <subfield code="a">SCIENCE AND TECHNOLOGY</subfield>
        </datafield>
        <datafield tag="650" ind1="0" ind2="7">
            <subfield code="0">1281763</subfield>
            <subfield code="a">SCIENCE AND TECHNOLOGY POLICY</subfield>
        </datafield>
        <datafield tag="650" ind1="0" ind2="7">
            <subfield code="0">1282314</subfield>
            <subfield code="a">MANPOWER DEVELOPMENT</subfield>
        </datafield>
        <datafield tag="650" ind1="0" ind2="7">
            <subfield code="0">1283047</subfield>
            <subfield code="a">SCIENCE AND TECHNOLOGY FINANCING</subfield>
        </datafield>
        <datafield tag="650" ind1="0" ind2="7">
            <subfield code="0">1281765</subfield>
            <subfield code="a">SCIENTIFIC AND TECHNICAL INFORMATION</subfield>
        </datafield>
        <datafield tag="650" ind1="0" ind2="7">
            <subfield code="0">1281758</subfield>
            <subfield code="a">RESEARCH AND DEVELOPMENT</subfield>
        </datafield>
        <datafield tag="650" ind1="0" ind2="7">
            <subfield code="0">1281767</subfield>
            <subfield code="a">SCIENTIFIC COOPERATION</subfield>
        </datafield>
        <datafield tag="650" ind1="0" ind2="7">
            <subfield code="0">1282561</subfield>
            <subfield code="a">PARTICIPANTS</subfield>
        </datafield>
        <datafield tag="651" ind1="0" ind2="7">
            <subfield code="0">1282273</subfield>
            <subfield code="a">WESTERN ASIA</subfield>
        </datafield>
        <datafield tag="710" ind1="2" ind2="0">
            <subfield code="0">864589</subfield>
            <subfield code="a">UN. Centre for Science and Technology for Development</subfield>
        </datafield>
        <datafield tag="711" ind1="2" ind2="0">
            <subfield code="0">886903</subfield>
            <subfield code="a">Ad Hoc Expert Group Meeting on "Mid-Decade Review on the Implementation of the Vienna Programme of Action on Science and Technology for Development" (1985 : Baghdad)</subfield>
        </datafield>
        <datafield tag="930" ind1=" " ind2=" ">
            <subfield code="a">UNDSEP86</subfield>
        </datafield>
        <datafield tag="955" ind1=" " ind2=" ">
            <subfield code="a">13717900</subfield>
        </datafield>
        <datafield tag="980" ind1=" " ind2=" ">
            <subfield code="a">BIB</subfield>
        </datafield>
        <datafield tag="989" ind1=" " ind2=" ">
            <subfield code="a">Documents and Publications</subfield>
        </datafield>
        <datafield tag="998" ind1=" " ind2=" ">
            <subfield code="a">19961224190000</subfield>
            <subfield code="c">19971026052100</subfield>
        </datafield>
    </record>