

    
    <record>
        <controlfield tag="001">100947</controlfield>
        <controlfield tag="000">01665nam\\2200565#\\4500</controlfield>
        <controlfield tag="005">20170412225437.0</controlfield>
        <controlfield tag="008">851126s1984\\\\irq\\\\\r\\\\\\\\\\\eng\u</controlfield>
        <datafield tag="035" ind1=" " ind2=" ">
            <subfield code="a">D0067298</subfield>
        </datafield>
        <datafield tag="035" ind1=" " ind2=" ">
            <subfield code="a">(DHL)218425</subfield>
        </datafield>
        <datafield tag="039" ind1=" " ind2=" ">
            <subfield code="a">DHU</subfield>
        </datafield>
        <datafield tag="040" ind1=" " ind2=" ">
            <subfield code="a">NNUN</subfield>
            <subfield code="b">eng</subfield>
        </datafield>
        <datafield tag="041" ind1=" " ind2=" ">
            <subfield code="a">araeng</subfield>
        </datafield>
        <datafield tag="049" ind1=" " ind2=" ">
            <subfield code="a">irq</subfield>
        </datafield>
        <datafield tag="069" ind1=" " ind2=" ">
            <subfield code="a">PAL</subfield>
            <subfield code="b">A10</subfield>
        </datafield>
        <datafield tag="089" ind1=" " ind2=" ">
            <subfield code="a">Reports/studies</subfield>
            <subfield code="b">B16</subfield>
        </datafield>
        <datafield tag="091" ind1=" " ind2=" ">
            <subfield code="a">GEN</subfield>
        </datafield>
        <datafield tag="099" ind1=" " ind2=" ">
            <subfield code="a">UNH</subfield>
            <subfield code="b">DHU</subfield>
        </datafield>
        <datafield tag="191" ind1=" " ind2=" ">
            <subfield code="0">965078</subfield>
            <subfield code="a">E/ECWA/XI/5</subfield>
            <subfield code="b">E/ECWA/</subfield>
            <subfield code="c">11</subfield>
            <subfield code="d">E/ECWA/</subfield>
            <subfield code="e">XI/5</subfield>
            <subfield code="f">000129</subfield>
            <subfield code="q">EECWAXI5</subfield>
            <subfield code="r">EECWA11</subfield>
        </datafield>
        <datafield tag="245" ind1="1" ind2="0">
            <subfield code="a">Report on the activities of the Commission :</subfield>
            <subfield code="b">follow-up action on the resolutions of the Commission : Economic Commission for Western Asia, 11th session, 22-26 April 1984, Baghdad.</subfield>
        </datafield>
        <datafield tag="260" ind1=" " ind2=" ">
            <subfield code="a">[Baghdad] :</subfield>
            <subfield code="b">UN,</subfield>
            <subfield code="c">18 Mar. 1984.</subfield>
        </datafield>
        <datafield tag="269" ind1=" " ind2=" ">
            <subfield code="a">19840318</subfield>
        </datafield>
        <datafield tag="300" ind1=" " ind2=" ">
            <subfield code="a">22 p. :</subfield>
            <subfield code="b">tables.</subfield>
        </datafield>
        <datafield tag="610" ind1="2" ind2="7">
            <subfield code="0">965080</subfield>
            <subfield code="a">UN. ECWA</subfield>
            <subfield code="g">WORK PROGRAMME.</subfield>
        </datafield>
        <datafield tag="610" ind1="2" ind2="7">
            <subfield code="0">976945</subfield>
            <subfield code="a">UN. ECWA</subfield>
            <subfield code="g">WORK PROGRAMME (1984-1985)</subfield>
        </datafield>
        <datafield tag="610" ind1="2" ind2="7">
            <subfield code="0">864993</subfield>
            <subfield code="a">UNDP</subfield>
        </datafield>
        <datafield tag="610" ind1="2" ind2="7">
            <subfield code="0">864715</subfield>
            <subfield code="a">IBRD</subfield>
        </datafield>
        <datafield tag="610" ind1="2" ind2="7">
            <subfield code="0">976946</subfield>
            <subfield code="a">UN. ECWA</subfield>
            <subfield code="g">RESOLUTIONS AND DECISIONS.</subfield>
        </datafield>
        <datafield tag="650" ind1="0" ind2="7">
            <subfield code="0">1280988</subfield>
            <subfield code="a">EARTHQUAKES</subfield>
        </datafield>
        <datafield tag="650" ind1="0" ind2="7">
            <subfield code="0">1281003</subfield>
            <subfield code="a">DISASTER RELIEF</subfield>
        </datafield>
        <datafield tag="650" ind1="0" ind2="7">
            <subfield code="0">1278574</subfield>
            <subfield code="a">DEVELOPMENT ASSISTANCE</subfield>
        </datafield>
        <datafield tag="650" ind1="0" ind2="7">
            <subfield code="0">1278425</subfield>
            <subfield code="a">TECHNICAL COOPERATION</subfield>
        </datafield>
        <datafield tag="650" ind1="0" ind2="7">
            <subfield code="0">1278390</subfield>
            <subfield code="a">ADVISORY SERVICES</subfield>
        </datafield>
        <datafield tag="650" ind1="0" ind2="7">
            <subfield code="0">1278348</subfield>
            <subfield code="a">ECONOMIC CONDITIONS</subfield>
        </datafield>
        <datafield tag="650" ind1="0" ind2="7">
            <subfield code="0">1281246</subfield>
            <subfield code="a">SOCIAL CONDITIONS</subfield>
        </datafield>
        <datafield tag="650" ind1="0" ind2="7">
            <subfield code="0">1282499</subfield>
            <subfield code="a">PALESTINIANS</subfield>
        </datafield>
        <datafield tag="650" ind1="0" ind2="7">
            <subfield code="0">1282773</subfield>
            <subfield code="a">PROJECT FINANCE</subfield>
        </datafield>
        <datafield tag="650" ind1="0" ind2="7">
            <subfield code="0">1278384</subfield>
            <subfield code="a">LEAST DEVELOPED COUNTRIES</subfield>
        </datafield>
        <datafield tag="650" ind1="0" ind2="7">
            <subfield code="0">1282637</subfield>
            <subfield code="a">PROGRAMMES OF ACTION</subfield>
        </datafield>
        <datafield tag="650" ind1="0" ind2="7">
            <subfield code="0">1278410</subfield>
            <subfield code="a">EXPERTS</subfield>
        </datafield>
        <datafield tag="650" ind1="0" ind2="7">
            <subfield code="0">1283254</subfield>
            <subfield code="a">CONFERENCES</subfield>
        </datafield>
        <datafield tag="650" ind1="0" ind2="7">
            <subfield code="0">1282644</subfield>
            <subfield code="a">RESOLUTIONS AND DECISIONS</subfield>
        </datafield>
        <datafield tag="651" ind1="0" ind2="7">
            <subfield code="0">1282272</subfield>
            <subfield code="a">YEMEN</subfield>
        </datafield>
        <datafield tag="651" ind1="0" ind2="7">
            <subfield code="0">1282260</subfield>
            <subfield code="a">DEMOCRATIC YEMEN</subfield>
        </datafield>
        <datafield tag="651" ind1="0" ind2="7">
            <subfield code="0">1282272</subfield>
            <subfield code="a">YEMEN</subfield>
        </datafield>
        <datafield tag="651" ind1="0" ind2="7">
            <subfield code="0">1282273</subfield>
            <subfield code="a">WESTERN ASIA</subfield>
        </datafield>
        <datafield tag="710" ind1="2" ind2="0">
            <subfield code="0">880834</subfield>
            <subfield code="a">UN. ECWA (11th sess. : 1984 : Baghdad)</subfield>
        </datafield>
        <datafield tag="856" ind1="4" ind2=" ">
            <subfield code="s">725204</subfield>
            <subfield code="u">http://digitallibrary.un.org/record/100947/files/E_ECWA_XI_5-AR.pdf</subfield>
            <subfield code="y">العربية</subfield>
        </datafield>
        <datafield tag="856" ind1="4" ind2=" ">
            <subfield code="s">1010917</subfield>
            <subfield code="u">http://digitallibrary.un.org/record/100947/files/E_ECWA_XI_5-EN.pdf</subfield>
            <subfield code="y">English</subfield>
        </datafield>
        <datafield tag="930" ind1=" " ind2=" ">
            <subfield code="a">UNDFEB86</subfield>
        </datafield>
        <datafield tag="930" ind1=" " ind2=" ">
            <subfield code="a">PALXXX92</subfield>
            <subfield code="b">000496</subfield>
        </datafield>
        <datafield tag="930" ind1=" " ind2=" ">
            <subfield code="a">CWA</subfield>
        </datafield>
        <datafield tag="955" ind1=" " ind2=" ">
            <subfield code="a">13737700</subfield>
        </datafield>
        <datafield tag="980" ind1=" " ind2=" ">
            <subfield code="a">BIB</subfield>
        </datafield>
        <datafield tag="989" ind1=" " ind2=" ">
            <subfield code="a">Documents and Publications</subfield>
            <subfield code="b">Reports</subfield>
        </datafield>
        <datafield tag="998" ind1=" " ind2=" ">
            <subfield code="a">19961223190000</subfield>
            <subfield code="c">20160901090700</subfield>
            <subfield code="d">shkcat</subfield>
        </datafield>
    </record>