

    
    <record>
        <controlfield tag="001">87831</controlfield>
        <controlfield tag="000">02256cam\\2200553#\\4500</controlfield>
        <controlfield tag="005">20170412234952.0</controlfield>
        <controlfield tag="008">850906s1984\\\\irq\\\\\r\\\\\\\\\\\eng\u</controlfield>
        <datafield tag="035" ind1=" " ind2=" ">
            <subfield code="a">D0064235</subfield>
        </datafield>
        <datafield tag="035" ind1=" " ind2=" ">
            <subfield code="a">(DHL)200232</subfield>
        </datafield>
        <datafield tag="039" ind1=" " ind2=" ">
            <subfield code="a">DHU</subfield>
        </datafield>
        <datafield tag="040" ind1=" " ind2=" ">
            <subfield code="a">NNUN</subfield>
            <subfield code="b">eng</subfield>
        </datafield>
        <datafield tag="041" ind1=" " ind2=" ">
            <subfield code="a">araeng</subfield>
        </datafield>
        <datafield tag="049" ind1=" " ind2=" ">
            <subfield code="a">irq</subfield>
        </datafield>
        <datafield tag="089" ind1=" " ind2=" ">
            <subfield code="a">Miscellaneous (UN)</subfield>
            <subfield code="b">B19</subfield>
        </datafield>
        <datafield tag="091" ind1=" " ind2=" ">
            <subfield code="a">GEN</subfield>
        </datafield>
        <datafield tag="099" ind1=" " ind2=" ">
            <subfield code="a">UNH</subfield>
            <subfield code="b">DHU</subfield>
        </datafield>
        <datafield tag="191" ind1=" " ind2=" ">
            <subfield code="0">965078</subfield>
            <subfield code="a">E/ECWA/XI/8</subfield>
            <subfield code="b">E/ECWA/</subfield>
            <subfield code="c">11</subfield>
            <subfield code="d">E/ECWA/</subfield>
            <subfield code="e">XI/8</subfield>
            <subfield code="f">000132</subfield>
            <subfield code="q">EECWAXI8</subfield>
            <subfield code="r">EECWA11</subfield>
        </datafield>
        <datafield tag="239" ind1="1" ind2="0">
            <subfield code="a">Follow-up action at the regional level to United Nations world conferences and ECWA regional meetings : note</subfield>
        </datafield>
        <datafield tag="245" ind1="0" ind2="0">
            <subfield code="a">Note /</subfield>
            <subfield code="c">by the Executive Secretary.</subfield>
        </datafield>
        <datafield tag="260" ind1=" " ind2=" ">
            <subfield code="a">[Bangkok] :</subfield>
            <subfield code="b">UN,</subfield>
            <subfield code="c">5 Mar. 1984.</subfield>
        </datafield>
        <datafield tag="269" ind1=" " ind2=" ">
            <subfield code="a">19840305</subfield>
        </datafield>
        <datafield tag="300" ind1=" " ind2=" ">
            <subfield code="a">1, [14] p.</subfield>
        </datafield>
        <datafield tag="611" ind1="2" ind2="7">
            <subfield code="0">864586</subfield>
            <subfield code="a">World Conference on Agrarian Reform and Rural Development (1979 : Rome)</subfield>
        </datafield>
        <datafield tag="611" ind1="2" ind2="7">
            <subfield code="0">864594</subfield>
            <subfield code="a">UN Congress on the Prevention of Crime and the Treatment of Offenders (7th : 1985 : Milan, Italy)</subfield>
        </datafield>
        <datafield tag="611" ind1="2" ind2="7">
            <subfield code="0">872226</subfield>
            <subfield code="a">International Conference on Population (1984 : Mexico City)</subfield>
        </datafield>
        <datafield tag="611" ind1="2" ind2="7">
            <subfield code="0">884563</subfield>
            <subfield code="a">ECWA/FAO Regional Intergovernmental Consultation on Rural Development in the Near East Region (1983 : Baghdad)</subfield>
        </datafield>
        <datafield tag="611" ind1="2" ind2="7">
            <subfield code="0">884553</subfield>
            <subfield code="a">Western Asia Regional Preparatory Meeting for the International Youth Year (1983 : Baghdad)</subfield>
        </datafield>
        <datafield tag="611" ind1="2" ind2="7">
            <subfield code="0">884367</subfield>
            <subfield code="a">Western Asia Regional Preparatory Meeting for the Seventh United Nations Congress on the Prevention of Crime and the Treatment of Offenders (1983 : Baghdad)</subfield>
        </datafield>
        <datafield tag="611" ind1="2" ind2="7">
            <subfield code="0">884554</subfield>
            <subfield code="a">Population Conference for the Arab World (1984 : Amman)</subfield>
        </datafield>
        <datafield tag="630" ind1="0" ind2="7">
            <subfield code="0">884259</subfield>
            <subfield code="a">Regional Plan of Action for Western Asia for the International Youth Year (1983)</subfield>
        </datafield>
        <datafield tag="630" ind1="0" ind2="7">
            <subfield code="0">868637</subfield>
            <subfield code="a">International Youth Year (1985)</subfield>
        </datafield>
        <datafield tag="650" ind1="0" ind2="7">
            <subfield code="0">1278419</subfield>
            <subfield code="a">REGIONAL COOPERATION</subfield>
        </datafield>
        <datafield tag="650" ind1="0" ind2="7">
            <subfield code="0">1279031</subfield>
            <subfield code="a">AGRICULTURAL POLICY</subfield>
        </datafield>
        <datafield tag="650" ind1="0" ind2="7">
            <subfield code="0">1278422</subfield>
            <subfield code="a">RURAL DEVELOPMENT</subfield>
        </datafield>
        <datafield tag="650" ind1="0" ind2="7">
            <subfield code="0">1279005</subfield>
            <subfield code="a">AGRARIAN REFORM</subfield>
        </datafield>
        <datafield tag="650" ind1="0" ind2="7">
            <subfield code="0">1278452</subfield>
            <subfield code="a">POPULAR PARTICIPATION</subfield>
        </datafield>
        <datafield tag="650" ind1="0" ind2="7">
            <subfield code="0">1281289</subfield>
            <subfield code="a">YOUTH</subfield>
        </datafield>
        <datafield tag="650" ind1="0" ind2="7">
            <subfield code="0">1281113</subfield>
            <subfield code="a">CRIME PREVENTION</subfield>
        </datafield>
        <datafield tag="650" ind1="0" ind2="7">
            <subfield code="0">1281116</subfield>
            <subfield code="a">CRIMINAL JUSTICE</subfield>
        </datafield>
        <datafield tag="650" ind1="0" ind2="7">
            <subfield code="0">1280130</subfield>
            <subfield code="a">POPULATION POLICY</subfield>
        </datafield>
        <datafield tag="650" ind1="0" ind2="7">
            <subfield code="0">1283254</subfield>
            <subfield code="a">CONFERENCES</subfield>
        </datafield>
        <datafield tag="650" ind1="0" ind2="7">
            <subfield code="0">1282637</subfield>
            <subfield code="a">PROGRAMMES OF ACTION</subfield>
        </datafield>
        <datafield tag="650" ind1="0" ind2="7">
            <subfield code="0">1281214</subfield>
            <subfield code="a">INTERNATIONAL YEARS</subfield>
        </datafield>
        <datafield tag="650" ind1="0" ind2="7">
            <subfield code="0">1282718</subfield>
            <subfield code="a">RECOMMENDATIONS</subfield>
        </datafield>
        <datafield tag="651" ind1="0" ind2="7">
            <subfield code="0">1282273</subfield>
            <subfield code="a">WESTERN ASIA</subfield>
        </datafield>
        <datafield tag="710" ind1="2" ind2="0">
            <subfield code="0">877761</subfield>
            <subfield code="a">UN. ECWA. Executive Secretary</subfield>
        </datafield>
        <datafield tag="856" ind1="4" ind2=" ">
            <subfield code="s">574381</subfield>
            <subfield code="u">http://digitallibrary.un.org/record/87831/files/E_ECWA_XI_8-AR.pdf</subfield>
            <subfield code="y">العربية</subfield>
        </datafield>
        <datafield tag="856" ind1="4" ind2=" ">
            <subfield code="s">786854</subfield>
            <subfield code="u">http://digitallibrary.un.org/record/87831/files/E_ECWA_XI_8-EN.pdf</subfield>
            <subfield code="y">English</subfield>
        </datafield>
        <datafield tag="930" ind1=" " ind2=" ">
            <subfield code="a">UNDNOV85</subfield>
        </datafield>
        <datafield tag="930" ind1=" " ind2=" ">
            <subfield code="a">CWA</subfield>
        </datafield>
        <datafield tag="955" ind1=" " ind2=" ">
            <subfield code="a">14657600</subfield>
        </datafield>
        <datafield tag="980" ind1=" " ind2=" ">
            <subfield code="a">BIB</subfield>
        </datafield>
        <datafield tag="989" ind1=" " ind2=" ">
            <subfield code="a">Documents and Publications</subfield>
        </datafield>
        <datafield tag="991" ind1=" " ind2=" ">
            <subfield code="0">971927</subfield>
            <subfield code="a">E/ECWA/XI/1/Rev.1</subfield>
            <subfield code="b">8</subfield>
            <subfield code="c">Follow-up action at the regional level to United Nations world conferences and ECWA regional meetings.</subfield>
        </datafield>
        <datafield tag="998" ind1=" " ind2=" ">
            <subfield code="a">19961223190000</subfield>
            <subfield code="c">20060106145300</subfield>
            <subfield code="d">tacat</subfield>
        </datafield>
    </record>