

    
    <record>
        <controlfield tag="001">87476</controlfield>
        <controlfield tag="000">01131nab\\2200361#\\4500</controlfield>
        <controlfield tag="005">20170411221535.0</controlfield>
        <controlfield tag="008">850830s1985\\\\usa\\\\\r\\\\\\\\\\\eng\u</controlfield>
        <datafield tag="035" ind1=" " ind2=" ">
            <subfield code="a">D0064072</subfield>
        </datafield>
        <datafield tag="035" ind1=" " ind2=" ">
            <subfield code="a">(DHL)199676</subfield>
        </datafield>
        <datafield tag="039" ind1=" " ind2=" ">
            <subfield code="a">DHU</subfield>
        </datafield>
        <datafield tag="040" ind1=" " ind2=" ">
            <subfield code="a">NNUN</subfield>
            <subfield code="b">eng</subfield>
        </datafield>
        <datafield tag="041" ind1=" " ind2=" ">
            <subfield code="a">engarachifrerusspa</subfield>
        </datafield>
        <datafield tag="049" ind1=" " ind2=" ">
            <subfield code="a">usa</subfield>
        </datafield>
        <datafield tag="069" ind1=" " ind2=" ">
            <subfield code="a">PAL</subfield>
            <subfield code="b">M02</subfield>
        </datafield>
        <datafield tag="089" ind1=" " ind2=" ">
            <subfield code="a">Resolutions and decisions (UN)</subfield>
            <subfield code="b">B01</subfield>
        </datafield>
        <datafield tag="091" ind1=" " ind2=" ">
            <subfield code="a">GEN</subfield>
        </datafield>
        <datafield tag="099" ind1=" " ind2=" ">
            <subfield code="a">UNH</subfield>
            <subfield code="b">DHU</subfield>
            <subfield code="c">UNE(01)/R3</subfield>
            <subfield code="q">UNE01R3</subfield>
        </datafield>
        <datafield tag="191" ind1=" " ind2=" ">
            <subfield code="0">971864</subfield>
            <subfield code="a">E/ECWA/RES/141(XII)</subfield>
            <subfield code="b">E/ECWA/</subfield>
            <subfield code="c">12</subfield>
            <subfield code="d">E/ECWA/</subfield>
            <subfield code="e">RES/141(XII)</subfield>
            <subfield code="f">000149</subfield>
            <subfield code="q">EECWARES141XII</subfield>
            <subfield code="r">EECWA12</subfield>
        </datafield>
        <datafield tag="245" ind1="1" ind2="0">
            <subfield code="a">General study of the economic and social situation and potential of the Palestinian people.</subfield>
        </datafield>
        <datafield tag="269" ind1=" " ind2=" ">
            <subfield code="a">1985</subfield>
        </datafield>
        <datafield tag="500" ind1=" " ind2=" ">
            <subfield code="a">Adopted at the 3rd plenary meeting, 24 Apr. 1985.</subfield>
        </datafield>
        <datafield tag="580" ind1=" " ind2=" ">
            <subfield code="a">In: E/ECWA/XII/11-E/1985/35 (ESCOR, 1985, Suppl. no. 14). - 1985. - p. 29.</subfield>
        </datafield>
        <datafield tag="610" ind1="2" ind2="7">
            <subfield code="0">864724</subfield>
            <subfield code="a">PLO</subfield>
        </datafield>
        <datafield tag="650" ind1="0" ind2="7">
            <subfield code="0">1278348</subfield>
            <subfield code="a">ECONOMIC CONDITIONS</subfield>
        </datafield>
        <datafield tag="650" ind1="0" ind2="7">
            <subfield code="0">1281246</subfield>
            <subfield code="a">SOCIAL CONDITIONS</subfield>
        </datafield>
        <datafield tag="650" ind1="0" ind2="7">
            <subfield code="0">1278084</subfield>
            <subfield code="a">TERRITORIES OCCUPIED BY ISRAEL</subfield>
        </datafield>
        <datafield tag="650" ind1="0" ind2="7">
            <subfield code="0">1282499</subfield>
            <subfield code="a">PALESTINIANS</subfield>
        </datafield>
        <datafield tag="651" ind1="0" ind2="7">
            <subfield code="0">1282262</subfield>
            <subfield code="a">JORDAN</subfield>
        </datafield>
        <datafield tag="710" ind1="2" ind2="0">
            <subfield code="0">881391</subfield>
            <subfield code="a">UN. ECWA (12th sess. : 1985 : Baghdad)</subfield>
        </datafield>
        <datafield tag="930" ind1=" " ind2=" ">
            <subfield code="a">UNDNOV85</subfield>
        </datafield>
        <datafield tag="930" ind1=" " ind2=" ">
            <subfield code="a">PALXXX92</subfield>
            <subfield code="b">000989</subfield>
        </datafield>
        <datafield tag="930" ind1=" " ind2=" ">
            <subfield code="a">CWA</subfield>
        </datafield>
        <datafield tag="955" ind1=" " ind2=" ">
            <subfield code="a">13729300</subfield>
        </datafield>
        <datafield tag="980" ind1=" " ind2=" ">
            <subfield code="a">BIB</subfield>
        </datafield>
        <datafield tag="989" ind1=" " ind2=" ">
            <subfield code="a">Documents and Publications</subfield>
            <subfield code="b">Resolutions and Decisions</subfield>
            <subfield code="c">Resolutions</subfield>
        </datafield>
        <datafield tag="998" ind1=" " ind2=" ">
            <subfield code="a">19961223190000</subfield>
            <subfield code="c">20050224113300</subfield>
            <subfield code="d">nccat</subfield>
        </datafield>
    </record>