

    
    <record>
        <controlfield tag="001">87471</controlfield>
        <controlfield tag="000">01105naa\\2200325#\\4500</controlfield>
        <controlfield tag="005">20170411221535.0</controlfield>
        <controlfield tag="008">850830s1985\\\\usa\\\\\r\\\\\\\\\\\eng\u</controlfield>
        <datafield tag="035" ind1=" " ind2=" ">
            <subfield code="a">D0064067</subfield>
        </datafield>
        <datafield tag="035" ind1=" " ind2=" ">
            <subfield code="a">(DHL)199671</subfield>
        </datafield>
        <datafield tag="039" ind1=" " ind2=" ">
            <subfield code="a">DHU</subfield>
        </datafield>
        <datafield tag="040" ind1=" " ind2=" ">
            <subfield code="a">NNUN</subfield>
            <subfield code="b">eng</subfield>
        </datafield>
        <datafield tag="041" ind1=" " ind2=" ">
            <subfield code="a">engarachifrerusspa</subfield>
        </datafield>
        <datafield tag="049" ind1=" " ind2=" ">
            <subfield code="a">usa</subfield>
        </datafield>
        <datafield tag="089" ind1=" " ind2=" ">
            <subfield code="a">Resolutions and decisions (UN)</subfield>
            <subfield code="b">B01</subfield>
        </datafield>
        <datafield tag="091" ind1=" " ind2=" ">
            <subfield code="a">GEN</subfield>
        </datafield>
        <datafield tag="099" ind1=" " ind2=" ">
            <subfield code="a">UNH</subfield>
            <subfield code="b">DHU</subfield>
            <subfield code="c">UNE(01)/R3</subfield>
            <subfield code="q">UNE01R3</subfield>
        </datafield>
        <datafield tag="191" ind1=" " ind2=" ">
            <subfield code="0">971864</subfield>
            <subfield code="a">E/ECWA/RES/136(XII)</subfield>
            <subfield code="b">E/ECWA/</subfield>
            <subfield code="c">12</subfield>
            <subfield code="d">E/ECWA/</subfield>
            <subfield code="e">RES/136(XII)</subfield>
            <subfield code="f">000144</subfield>
            <subfield code="q">EECWARES136XII</subfield>
            <subfield code="r">EECWA12</subfield>
        </datafield>
        <datafield tag="245" ind1="1" ind2="0">
            <subfield code="a">Science and technology programme :</subfield>
            <subfield code="b">[Economic Commission for Western Asia].</subfield>
        </datafield>
        <datafield tag="269" ind1=" " ind2=" ">
            <subfield code="a">1985</subfield>
        </datafield>
        <datafield tag="500" ind1=" " ind2=" ">
            <subfield code="a">Adopted at the 4th plenary meeting, 25 Apr. 1985.</subfield>
        </datafield>
        <datafield tag="580" ind1=" " ind2=" ">
            <subfield code="a">In: E/ECWA/XII/11-E/1985/35 (ESCOR, 1985, Suppl. no. 14). - 1985. - p. 22.</subfield>
        </datafield>
        <datafield tag="630" ind1="0" ind2="7">
            <subfield code="0">870522</subfield>
            <subfield code="a">Vienna Programme of Action on Science and Technology for Development (1979)</subfield>
        </datafield>
        <datafield tag="650" ind1="0" ind2="7">
            <subfield code="0">1281762</subfield>
            <subfield code="a">SCIENCE AND TECHNOLOGY</subfield>
        </datafield>
        <datafield tag="650" ind1="0" ind2="7">
            <subfield code="0">1283243</subfield>
            <subfield code="a">PROGRAMME IMPLEMENTATION</subfield>
        </datafield>
        <datafield tag="650" ind1="0" ind2="7">
            <subfield code="0">1282637</subfield>
            <subfield code="a">PROGRAMMES OF ACTION</subfield>
        </datafield>
        <datafield tag="651" ind1="0" ind2="7">
            <subfield code="0">1282273</subfield>
            <subfield code="a">WESTERN ASIA</subfield>
        </datafield>
        <datafield tag="710" ind1="2" ind2="0">
            <subfield code="0">881391</subfield>
            <subfield code="a">UN. ECWA (12th sess. : 1985 : Baghdad)</subfield>
        </datafield>
        <datafield tag="930" ind1=" " ind2=" ">
            <subfield code="a">UNDNOV85</subfield>
        </datafield>
        <datafield tag="930" ind1=" " ind2=" ">
            <subfield code="a">CWA</subfield>
        </datafield>
        <datafield tag="955" ind1=" " ind2=" ">
            <subfield code="a">13728800</subfield>
        </datafield>
        <datafield tag="980" ind1=" " ind2=" ">
            <subfield code="a">BIB</subfield>
        </datafield>
        <datafield tag="989" ind1=" " ind2=" ">
            <subfield code="a">Documents and Publications</subfield>
            <subfield code="b">Resolutions and Decisions</subfield>
            <subfield code="c">Resolutions</subfield>
        </datafield>
        <datafield tag="998" ind1=" " ind2=" ">
            <subfield code="a">19961223190000</subfield>
            <subfield code="c">19971026051900</subfield>
        </datafield>
    </record>