

    
    <record>
        <controlfield tag="001">70177</controlfield>
        <controlfield tag="000">01244nam\\2200361#\\4500</controlfield>
        <controlfield tag="005">20170411221240.0</controlfield>
        <controlfield tag="008">841130s1984\\\\usa\\\\\r\\\\\\\\\\\eng\u</controlfield>
        <datafield tag="035" ind1=" " ind2=" ">
            <subfield code="a">D0055731</subfield>
        </datafield>
        <datafield tag="035" ind1=" " ind2=" ">
            <subfield code="a">(DHL)173011</subfield>
        </datafield>
        <datafield tag="039" ind1=" " ind2=" ">
            <subfield code="a">DHU</subfield>
        </datafield>
        <datafield tag="040" ind1=" " ind2=" ">
            <subfield code="a">NNUN</subfield>
            <subfield code="b">eng</subfield>
        </datafield>
        <datafield tag="041" ind1=" " ind2=" ">
            <subfield code="a">engarachifrerusspa</subfield>
        </datafield>
        <datafield tag="049" ind1=" " ind2=" ">
            <subfield code="a">usa</subfield>
        </datafield>
        <datafield tag="089" ind1=" " ind2=" ">
            <subfield code="a">Resolutions and decisions (UN)</subfield>
            <subfield code="b">B01</subfield>
        </datafield>
        <datafield tag="091" ind1=" " ind2=" ">
            <subfield code="a">GEN</subfield>
        </datafield>
        <datafield tag="099" ind1=" " ind2=" ">
            <subfield code="a">UNH</subfield>
            <subfield code="b">DHU</subfield>
            <subfield code="c">UNE(01)/R3</subfield>
            <subfield code="q">UNE01R3</subfield>
        </datafield>
        <datafield tag="191" ind1=" " ind2=" ">
            <subfield code="0">965078</subfield>
            <subfield code="a">E/ECWA/RES/125(XI)</subfield>
            <subfield code="b">E/ECWA/</subfield>
            <subfield code="c">11</subfield>
            <subfield code="d">E/ECWA/</subfield>
            <subfield code="e">RES/125(XI)</subfield>
            <subfield code="f">000116</subfield>
            <subfield code="q">EECWARES125XI</subfield>
            <subfield code="r">EECWA11</subfield>
        </datafield>
        <datafield tag="245" ind1="1" ind2="0">
            <subfield code="a">General policy-making structure of the Economic Commission for Western Asia.</subfield>
        </datafield>
        <datafield tag="269" ind1=" " ind2=" ">
            <subfield code="a">1984</subfield>
        </datafield>
        <datafield tag="500" ind1=" " ind2=" ">
            <subfield code="a">Adopted at the 6th meeting, 26 Apr. 1984.</subfield>
        </datafield>
        <datafield tag="580" ind1=" " ind2=" ">
            <subfield code="a">In: E/ECWA/XI/16/Rev.1-E/1984/25 (ESCOR, 1984, Suppl. 25 [i.e. 15]). - 1984. - p. 40.</subfield>
        </datafield>
        <datafield tag="610" ind1="2" ind2="7">
            <subfield code="0">964336</subfield>
            <subfield code="a">UN. ECWA</subfield>
            <subfield code="g">ORGANIZATIONAL STRUCTURE.</subfield>
        </datafield>
        <datafield tag="610" ind1="2" ind2="7">
            <subfield code="0">964335</subfield>
            <subfield code="a">UN. ECWA</subfield>
            <subfield code="g">RULES OF PROCEDURE.</subfield>
        </datafield>
        <datafield tag="610" ind1="2" ind2="7">
            <subfield code="0">964692</subfield>
            <subfield code="a">UN. ECWA. TECHNICAL COMMITTEE</subfield>
            <subfield code="g">TERMS OF REFERENCE.</subfield>
        </datafield>
        <datafield tag="610" ind1="2" ind2="7">
            <subfield code="0">965081</subfield>
            <subfield code="a">UN. ECWA. TECHNICAL COMMITTEE</subfield>
            <subfield code="g">WORK ORGANIZATION.</subfield>
        </datafield>
        <datafield tag="650" ind1="0" ind2="7">
            <subfield code="0">1282593</subfield>
            <subfield code="a">TERMS OF REFERENCE</subfield>
        </datafield>
        <datafield tag="650" ind1="0" ind2="7">
            <subfield code="0">1282585</subfield>
            <subfield code="a">RULES OF PROCEDURE</subfield>
        </datafield>
        <datafield tag="650" ind1="0" ind2="7">
            <subfield code="0">1282631</subfield>
            <subfield code="a">ORGANIZATIONAL STRUCTURE</subfield>
        </datafield>
        <datafield tag="650" ind1="0" ind2="7">
            <subfield code="0">1282595</subfield>
            <subfield code="a">WORK ORGANIZATION</subfield>
        </datafield>
        <datafield tag="710" ind1="2" ind2="0">
            <subfield code="0">880834</subfield>
            <subfield code="a">UN. ECWA (11th sess. : 1984 : Baghdad)</subfield>
        </datafield>
        <datafield tag="930" ind1=" " ind2=" ">
            <subfield code="a">UNDDEC84</subfield>
        </datafield>
        <datafield tag="930" ind1=" " ind2=" ">
            <subfield code="a">CWA</subfield>
        </datafield>
        <datafield tag="955" ind1=" " ind2=" ">
            <subfield code="a">13727700</subfield>
        </datafield>
        <datafield tag="980" ind1=" " ind2=" ">
            <subfield code="a">BIB</subfield>
        </datafield>
        <datafield tag="989" ind1=" " ind2=" ">
            <subfield code="a">Documents and Publications</subfield>
            <subfield code="b">Resolutions and Decisions</subfield>
            <subfield code="c">Resolutions</subfield>
        </datafield>
        <datafield tag="998" ind1=" " ind2=" ">
            <subfield code="a">19961223190000</subfield>
            <subfield code="c">19961223190000</subfield>
        </datafield>
    </record>