

    
    <record>
        <controlfield tag="001">70176</controlfield>
        <controlfield tag="000">01123nam\\2200313#\\4500</controlfield>
        <controlfield tag="005">20170411221240.0</controlfield>
        <controlfield tag="008">841130s1984\\\\usa\\\\\r\\\\\\\\\\\eng\u</controlfield>
        <datafield tag="035" ind1=" " ind2=" ">
            <subfield code="a">D0055730</subfield>
        </datafield>
        <datafield tag="035" ind1=" " ind2=" ">
            <subfield code="a">(DHL)173010</subfield>
        </datafield>
        <datafield tag="039" ind1=" " ind2=" ">
            <subfield code="a">DHU</subfield>
        </datafield>
        <datafield tag="040" ind1=" " ind2=" ">
            <subfield code="a">NNUN</subfield>
            <subfield code="b">eng</subfield>
        </datafield>
        <datafield tag="041" ind1=" " ind2=" ">
            <subfield code="a">engarachifrerusspa</subfield>
        </datafield>
        <datafield tag="049" ind1=" " ind2=" ">
            <subfield code="a">usa</subfield>
        </datafield>
        <datafield tag="089" ind1=" " ind2=" ">
            <subfield code="a">Resolutions and decisions (UN)</subfield>
            <subfield code="b">B01</subfield>
        </datafield>
        <datafield tag="091" ind1=" " ind2=" ">
            <subfield code="a">GEN</subfield>
        </datafield>
        <datafield tag="099" ind1=" " ind2=" ">
            <subfield code="a">UNH</subfield>
            <subfield code="b">DHU</subfield>
            <subfield code="c">UNE(01)/R3</subfield>
            <subfield code="q">UNE01R3</subfield>
        </datafield>
        <datafield tag="191" ind1=" " ind2=" ">
            <subfield code="0">965078</subfield>
            <subfield code="a">E/ECWA/RES/128(XI)</subfield>
            <subfield code="b">E/ECWA/</subfield>
            <subfield code="c">11</subfield>
            <subfield code="d">E/ECWA/</subfield>
            <subfield code="e">RES/128(XI)</subfield>
            <subfield code="f">000119</subfield>
            <subfield code="q">EECWARES128XI</subfield>
            <subfield code="r">EECWA11</subfield>
        </datafield>
        <datafield tag="245" ind1="1" ind2="0">
            <subfield code="a">Regional Conference on Population in the Arab World in preparation for the International Conference on Population.</subfield>
        </datafield>
        <datafield tag="269" ind1=" " ind2=" ">
            <subfield code="a">1984</subfield>
        </datafield>
        <datafield tag="500" ind1=" " ind2=" ">
            <subfield code="a">Adopted at the 6th meeting, 26 Apr. 1984.</subfield>
        </datafield>
        <datafield tag="580" ind1=" " ind2=" ">
            <subfield code="a">In: E/ECWA/XI/16/Rev.1-E/1984/25 (ESCOR, 1984, Suppl. 25 [i.e. 15]). - 1984. - p. 42-43.</subfield>
        </datafield>
        <datafield tag="611" ind1="2" ind2="7">
            <subfield code="0">872226</subfield>
            <subfield code="a">International Conference on Population (1984 : Mexico City)</subfield>
        </datafield>
        <datafield tag="611" ind1="2" ind2="7">
            <subfield code="0">880835</subfield>
            <subfield code="a">Regional Conference on Population in the Arab World (1984 : Amman)</subfield>
        </datafield>
        <datafield tag="650" ind1="0" ind2="7">
            <subfield code="0">1283254</subfield>
            <subfield code="a">CONFERENCES</subfield>
        </datafield>
        <datafield tag="650" ind1="0" ind2="7">
            <subfield code="0">1280121</subfield>
            <subfield code="a">POPULATION</subfield>
        </datafield>
        <datafield tag="710" ind1="2" ind2="0">
            <subfield code="0">880834</subfield>
            <subfield code="a">UN. ECWA (11th sess. : 1984 : Baghdad)</subfield>
        </datafield>
        <datafield tag="930" ind1=" " ind2=" ">
            <subfield code="a">UNDDEC84</subfield>
        </datafield>
        <datafield tag="930" ind1=" " ind2=" ">
            <subfield code="a">CWA</subfield>
        </datafield>
        <datafield tag="955" ind1=" " ind2=" ">
            <subfield code="a">13728000</subfield>
        </datafield>
        <datafield tag="980" ind1=" " ind2=" ">
            <subfield code="a">BIB</subfield>
        </datafield>
        <datafield tag="989" ind1=" " ind2=" ">
            <subfield code="a">Documents and Publications</subfield>
            <subfield code="b">Resolutions and Decisions</subfield>
            <subfield code="c">Resolutions</subfield>
        </datafield>
        <datafield tag="998" ind1=" " ind2=" ">
            <subfield code="a">19961223190000</subfield>
            <subfield code="c">19971028080300</subfield>
        </datafield>
    </record>