

    
    <record>
        <controlfield tag="001">62940</controlfield>
        <controlfield tag="000">01301nam\\2200397#\\4500</controlfield>
        <controlfield tag="005">20170412234831.0</controlfield>
        <controlfield tag="008">840613s1983\\\\irq\\\\\r\\\\\\\\\\\eng\u</controlfield>
        <datafield tag="035" ind1=" " ind2=" ">
            <subfield code="a">D0050191</subfield>
        </datafield>
        <datafield tag="035" ind1=" " ind2=" ">
            <subfield code="a">(DHL)160958</subfield>
        </datafield>
        <datafield tag="039" ind1=" " ind2=" ">
            <subfield code="a">DHU</subfield>
        </datafield>
        <datafield tag="040" ind1=" " ind2=" ">
            <subfield code="a">NNUN</subfield>
            <subfield code="b">eng</subfield>
        </datafield>
        <datafield tag="041" ind1=" " ind2=" ">
            <subfield code="a">eng</subfield>
        </datafield>
        <datafield tag="049" ind1=" " ind2=" ">
            <subfield code="a">irq</subfield>
        </datafield>
        <datafield tag="089" ind1=" " ind2=" ">
            <subfield code="a">Miscellaneous (UN)</subfield>
            <subfield code="b">B19</subfield>
        </datafield>
        <datafield tag="091" ind1=" " ind2=" ">
            <subfield code="a">GEN</subfield>
        </datafield>
        <datafield tag="099" ind1=" " ind2=" ">
            <subfield code="a">UNH</subfield>
            <subfield code="b">DHU</subfield>
        </datafield>
        <datafield tag="191" ind1=" " ind2=" ">
            <subfield code="0">954438</subfield>
            <subfield code="a">E/ECWA/TCT/83/5</subfield>
            <subfield code="b">E/ECWA/TCT/</subfield>
            <subfield code="d">E/ECWA/TCT/</subfield>
            <subfield code="e">83/5</subfield>
            <subfield code="f">005980</subfield>
            <subfield code="q">EECWATCT835</subfield>
            <subfield code="r">EECWATCT</subfield>
        </datafield>
        <datafield tag="245" ind1="1" ind2="0">
            <subfield code="a">Strategy for the development of tourism in the ECWA region.</subfield>
        </datafield>
        <datafield tag="260" ind1=" " ind2=" ">
            <subfield code="a">[Baghdad] :</subfield>
            <subfield code="b">UN,</subfield>
            <subfield code="c">28 Nov. 1983.</subfield>
        </datafield>
        <datafield tag="269" ind1=" " ind2=" ">
            <subfield code="a">19831128</subfield>
        </datafield>
        <datafield tag="300" ind1=" " ind2=" ">
            <subfield code="a">xiv, 228 p. :</subfield>
            <subfield code="b">chart, maps, tables.</subfield>
        </datafield>
        <datafield tag="500" ind1=" " ind2=" ">
            <subfield code="a">Contains UN ECWA maps no. 1: Principal zones of tourist attractions in the ECWA region - no. 2: Main circuits for intraregional tours (schematic).</subfield>
        </datafield>
        <datafield tag="500" ind1=" " ind2=" ">
            <subfield code="a">'Tourist market mechanism for the ECWA region': leaf inserted.</subfield>
        </datafield>
        <datafield tag="650" ind1="0" ind2="7">
            <subfield code="0">1283066</subfield>
            <subfield code="a">STATISTICAL DATA</subfield>
        </datafield>
        <datafield tag="650" ind1="0" ind2="7">
            <subfield code="0">1279556</subfield>
            <subfield code="a">TOURISM DEVELOPMENT</subfield>
        </datafield>
        <datafield tag="650" ind1="0" ind2="7">
            <subfield code="0">1278398</subfield>
            <subfield code="a">DEVELOPMENT PLANNING</subfield>
        </datafield>
        <datafield tag="650" ind1="0" ind2="7">
            <subfield code="0">1279549</subfield>
            <subfield code="a">AIR TRAVEL</subfield>
        </datafield>
        <datafield tag="650" ind1="0" ind2="7">
            <subfield code="0">1278724</subfield>
            <subfield code="a">MAPS</subfield>
        </datafield>
        <datafield tag="650" ind1="0" ind2="7">
            <subfield code="0">1282314</subfield>
            <subfield code="a">MANPOWER DEVELOPMENT</subfield>
        </datafield>
        <datafield tag="650" ind1="0" ind2="7">
            <subfield code="0">1279931</subfield>
            <subfield code="a">MARKETING</subfield>
        </datafield>
        <datafield tag="650" ind1="0" ind2="7">
            <subfield code="0">1279557</subfield>
            <subfield code="a">TOURIST FACILITIES</subfield>
        </datafield>
        <datafield tag="650" ind1="0" ind2="7">
            <subfield code="0">1282718</subfield>
            <subfield code="a">RECOMMENDATIONS</subfield>
        </datafield>
        <datafield tag="651" ind1="0" ind2="7">
            <subfield code="0">1282273</subfield>
            <subfield code="a">WESTERN ASIA</subfield>
        </datafield>
        <datafield tag="710" ind1="2" ind2="0">
            <subfield code="0">954439</subfield>
            <subfield code="a">UN. ECWA. Transport, Communications and Tourism Division.</subfield>
        </datafield>
        <datafield tag="856" ind1="4" ind2=" ">
            <subfield code="s">8178279</subfield>
            <subfield code="u">http://digitallibrary.un.org/record/62940/files/E_ECWA_TCT_83_5-EN.pdf</subfield>
            <subfield code="y">English</subfield>
        </datafield>
        <datafield tag="930" ind1=" " ind2=" ">
            <subfield code="a">UNDMAY84</subfield>
        </datafield>
        <datafield tag="955" ind1=" " ind2=" ">
            <subfield code="a">13735100</subfield>
        </datafield>
        <datafield tag="980" ind1=" " ind2=" ">
            <subfield code="a">BIB</subfield>
        </datafield>
        <datafield tag="989" ind1=" " ind2=" ">
            <subfield code="a">Documents and Publications</subfield>
        </datafield>
        <datafield tag="998" ind1=" " ind2=" ">
            <subfield code="a">19961222190000</subfield>
            <subfield code="c">19961222190000</subfield>
        </datafield>
    </record>