

    
    <record>
        <controlfield tag="001">36539</controlfield>
        <controlfield tag="000">01043nam\\2200301#\\4500</controlfield>
        <controlfield tag="005">20170412234652.0</controlfield>
        <controlfield tag="008">831021s1980\\\\lbn\\\\\r\\\\\\\\\\\eng\u</controlfield>
        <datafield tag="035" ind1=" " ind2=" ">
            <subfield code="a">D0042409</subfield>
        </datafield>
        <datafield tag="035" ind1=" " ind2=" ">
            <subfield code="a">(DHL)121380</subfield>
        </datafield>
        <datafield tag="039" ind1=" " ind2=" ">
            <subfield code="a">DHU</subfield>
        </datafield>
        <datafield tag="040" ind1=" " ind2=" ">
            <subfield code="a">NNUN</subfield>
            <subfield code="b">eng</subfield>
        </datafield>
        <datafield tag="041" ind1=" " ind2=" ">
            <subfield code="a">engara</subfield>
        </datafield>
        <datafield tag="049" ind1=" " ind2=" ">
            <subfield code="a">lbn</subfield>
        </datafield>
        <datafield tag="089" ind1=" " ind2=" ">
            <subfield code="a">Miscellaneous (UN)</subfield>
            <subfield code="b">B19</subfield>
        </datafield>
        <datafield tag="091" ind1=" " ind2=" ">
            <subfield code="a">LTD</subfield>
        </datafield>
        <datafield tag="099" ind1=" " ind2=" ">
            <subfield code="a">UNH</subfield>
            <subfield code="b">DHU</subfield>
        </datafield>
        <datafield tag="191" ind1=" " ind2=" ">
            <subfield code="0">943902</subfield>
            <subfield code="a">E/ECWA/DPD/WG.14/1/Rev.2/Add.1</subfield>
            <subfield code="b">E/ECWA/DPD/WG.14/</subfield>
            <subfield code="c">1979</subfield>
            <subfield code="d">E/ECWA/DPD/WG.14/</subfield>
            <subfield code="e">1/Rev.2/Add.1</subfield>
            <subfield code="f">001669</subfield>
            <subfield code="q">EECWADPDWG141REV2ADD1</subfield>
            <subfield code="r">EECWADPDWG141979</subfield>
        </datafield>
        <datafield tag="245" ind1="1" ind2="0">
            <subfield code="a">Development Strategy for the Region of the Economic Commission for Western Asia in the United Nations Third Development Decade :</subfield>
            <subfield code="b">note /</subfield>
            <subfield code="c">by the Executive Secretary.</subfield>
        </datafield>
        <datafield tag="260" ind1=" " ind2=" ">
            <subfield code="a">Beirut :</subfield>
            <subfield code="b">UN,</subfield>
            <subfield code="c">30 Oct. 1980.</subfield>
        </datafield>
        <datafield tag="269" ind1=" " ind2=" ">
            <subfield code="a">19801030</subfield>
        </datafield>
        <datafield tag="300" ind1=" " ind2=" ">
            <subfield code="a">[3] p.</subfield>
        </datafield>
        <datafield tag="500" ind1=" " ind2=" ">
            <subfield code="a">Note by the Executive Secretary on two letters by Egypt concerning the name of the country.</subfield>
        </datafield>
        <datafield tag="650" ind1="0" ind2="7">
            <subfield code="0">1278078</subfield>
            <subfield code="a">MIDDLE EAST SITUATION</subfield>
        </datafield>
        <datafield tag="651" ind1="0" ind2="7">
            <subfield code="0">1282088</subfield>
            <subfield code="a">EGYPT</subfield>
        </datafield>
        <datafield tag="710" ind1="2" ind2="0">
            <subfield code="0">877760</subfield>
            <subfield code="a">UN. ECWA. Executive Director</subfield>
        </datafield>
        <datafield tag="710" ind1="2" ind2="0">
            <subfield code="0">868685</subfield>
            <subfield code="9">ms</subfield>
            <subfield code="a">Egypt</subfield>
        </datafield>
        <datafield tag="856" ind1="4" ind2=" ">
            <subfield code="s">198865</subfield>
            <subfield code="u">http://digitallibrary.un.org/record/36539/files/E_ECWA_DPD_WG.14_1_Rev.2_Add.1-AR.pdf</subfield>
            <subfield code="y">العربية</subfield>
        </datafield>
        <datafield tag="856" ind1="4" ind2=" ">
            <subfield code="s">264285</subfield>
            <subfield code="u">http://digitallibrary.un.org/record/36539/files/E_ECWA_DPD_WG.14_1_Rev.2_Add.1-EN.pdf</subfield>
            <subfield code="y">English</subfield>
        </datafield>
        <datafield tag="930" ind1=" " ind2=" ">
            <subfield code="a">UNDCUM82</subfield>
        </datafield>
        <datafield tag="955" ind1=" " ind2=" ">
            <subfield code="a">13707500</subfield>
        </datafield>
        <datafield tag="980" ind1=" " ind2=" ">
            <subfield code="a">BIB</subfield>
        </datafield>
        <datafield tag="989" ind1=" " ind2=" ">
            <subfield code="a">Documents and Publications</subfield>
        </datafield>
        <datafield tag="998" ind1=" " ind2=" ">
            <subfield code="a">19961222190000</subfield>
            <subfield code="c">20090327072600</subfield>
            <subfield code="d">vwcat2</subfield>
        </datafield>
    </record>