

    
    <record>
        <controlfield tag="001">29648</controlfield>
        <controlfield tag="000">01207nam\\2200325#\\4500</controlfield>
        <controlfield tag="005">20170412234634.0</controlfield>
        <controlfield tag="008">820730s1981\\\\lbn\\\\\r\\\\\\\\\\\eng\u</controlfield>
        <datafield tag="035" ind1=" " ind2=" ">
            <subfield code="a">D0028607</subfield>
        </datafield>
        <datafield tag="035" ind1=" " ind2=" ">
            <subfield code="a">(DHL)105168</subfield>
        </datafield>
        <datafield tag="039" ind1=" " ind2=" ">
            <subfield code="a">DHU</subfield>
        </datafield>
        <datafield tag="040" ind1=" " ind2=" ">
            <subfield code="a">NNUN</subfield>
            <subfield code="b">eng</subfield>
        </datafield>
        <datafield tag="041" ind1=" " ind2=" ">
            <subfield code="a">eng</subfield>
        </datafield>
        <datafield tag="049" ind1=" " ind2=" ">
            <subfield code="a">lbn</subfield>
        </datafield>
        <datafield tag="089" ind1=" " ind2=" ">
            <subfield code="a">Miscellaneous (UN)</subfield>
            <subfield code="b">B19</subfield>
        </datafield>
        <datafield tag="091" ind1=" " ind2=" ">
            <subfield code="a">gen</subfield>
        </datafield>
        <datafield tag="099" ind1=" " ind2=" ">
            <subfield code="a">UNH</subfield>
            <subfield code="b">DHU</subfield>
        </datafield>
        <datafield tag="191" ind1=" " ind2=" ">
            <subfield code="0">947075</subfield>
            <subfield code="a">E/ECWA/DPD/WG.15/7</subfield>
            <subfield code="b">E/ECWA/DPD/WG.15/</subfield>
            <subfield code="c">1981</subfield>
            <subfield code="d">E/ECWA/DPD/WG.15/</subfield>
            <subfield code="e">7</subfield>
            <subfield code="q">EECWADPDWG157</subfield>
            <subfield code="r">EECWADPDWG151981</subfield>
        </datafield>
        <datafield tag="239" ind1="1" ind2="0">
            <subfield code="a">Experts Group Meeting on Identification of Projects for Regional Co-operation in Capital Goods and Heavy Engineering Industries [ECWA] (1981 : Vienna). Report</subfield>
        </datafield>
        <datafield tag="245" ind1="1" ind2="0">
            <subfield code="a">Identification of projects for regional cooperation in capital goods and heavy engineering industries.</subfield>
        </datafield>
        <datafield tag="260" ind1=" " ind2=" ">
            <subfield code="a">Beirut :</subfield>
            <subfield code="b">UN,</subfield>
            <subfield code="c">20 Oct. 1981.</subfield>
        </datafield>
        <datafield tag="269" ind1=" " ind2=" ">
            <subfield code="a">19811020</subfield>
        </datafield>
        <datafield tag="300" ind1=" " ind2=" ">
            <subfield code="a">iv, 123 p.</subfield>
        </datafield>
        <datafield tag="650" ind1="0" ind2="7">
            <subfield code="0">1279442</subfield>
            <subfield code="a">CAPITAL GOODS</subfield>
        </datafield>
        <datafield tag="650" ind1="0" ind2="7">
            <subfield code="0">1278403</subfield>
            <subfield code="a">ECONOMIC COOPERATION</subfield>
        </datafield>
        <datafield tag="650" ind1="0" ind2="7">
            <subfield code="0">1279585</subfield>
            <subfield code="a">ENGINEERING INDUSTRIES</subfield>
        </datafield>
        <datafield tag="650" ind1="0" ind2="7">
            <subfield code="0">1278419</subfield>
            <subfield code="a">REGIONAL COOPERATION</subfield>
        </datafield>
        <datafield tag="651" ind1="0" ind2="7">
            <subfield code="0">1282273</subfield>
            <subfield code="a">WESTERN ASIA</subfield>
        </datafield>
        <datafield tag="711" ind1="2" ind2="0">
            <subfield code="0">947078</subfield>
            <subfield code="a">Experts Group Meeting on Identification of Projects for Regional Co-operation in Capital Goods and Heavy Engineering Industries (1981 : Vienna)</subfield>
        </datafield>
        <datafield tag="930" ind1=" " ind2=" ">
            <subfield code="a">UNDJUN82</subfield>
        </datafield>
        <datafield tag="955" ind1=" " ind2=" ">
            <subfield code="a">13708300</subfield>
        </datafield>
        <datafield tag="980" ind1=" " ind2=" ">
            <subfield code="a">BIB</subfield>
        </datafield>
        <datafield tag="989" ind1=" " ind2=" ">
            <subfield code="a">Documents and Publications</subfield>
        </datafield>
        <datafield tag="998" ind1=" " ind2=" ">
            <subfield code="a">19961220190000</subfield>
            <subfield code="c">20090327072900</subfield>
            <subfield code="d">vwcat2</subfield>
        </datafield>
    </record>