

    
    <record>
        <controlfield tag="001">27950</controlfield>
        <controlfield tag="000">00833nam\\2200265#\\4500</controlfield>
        <controlfield tag="005">20170412234628.0</controlfield>
        <controlfield tag="008">820417s1981\\\\lbn\\\\\r\\\\\\\\\\\eng\u</controlfield>
        <datafield tag="035" ind1=" " ind2=" ">
            <subfield code="a">D0026857</subfield>
        </datafield>
        <datafield tag="035" ind1=" " ind2=" ">
            <subfield code="a">(DHL)102270</subfield>
        </datafield>
        <datafield tag="039" ind1=" " ind2=" ">
            <subfield code="a">DHU</subfield>
        </datafield>
        <datafield tag="040" ind1=" " ind2=" ">
            <subfield code="a">NNUN</subfield>
            <subfield code="b">eng</subfield>
        </datafield>
        <datafield tag="041" ind1=" " ind2=" ">
            <subfield code="a">araeng</subfield>
        </datafield>
        <datafield tag="049" ind1=" " ind2=" ">
            <subfield code="a">lbn</subfield>
        </datafield>
        <datafield tag="089" ind1=" " ind2=" ">
            <subfield code="a">Miscellaneous (UN)</subfield>
            <subfield code="b">B19</subfield>
        </datafield>
        <datafield tag="091" ind1=" " ind2=" ">
            <subfield code="a">LTD</subfield>
        </datafield>
        <datafield tag="099" ind1=" " ind2=" ">
            <subfield code="a">UNH</subfield>
            <subfield code="b">DHU</subfield>
        </datafield>
        <datafield tag="191" ind1=" " ind2=" ">
            <subfield code="0">944826</subfield>
            <subfield code="a">E/ECWA/POP/CONF.4/INF.3</subfield>
            <subfield code="b">E/ECWA/POP/CONF.4/</subfield>
            <subfield code="c">1981</subfield>
            <subfield code="d">E/ECWA/POP/CONF.4/</subfield>
            <subfield code="e">INF.3</subfield>
            <subfield code="q">EECWAPOPCONF4INF3</subfield>
            <subfield code="r">EECWAPOPCONF41981</subfield>
        </datafield>
        <datafield tag="245" ind1="1" ind2="0">
            <subfield code="a">List of documents :</subfield>
            <subfield code="b">Conference on International Migration in the Arab World, 11-16 May 1981, Nicosia, Cyprus.</subfield>
        </datafield>
        <datafield tag="260" ind1=" " ind2=" ">
            <subfield code="a">Beirut :</subfield>
            <subfield code="b">UN,</subfield>
            <subfield code="c">7 Sept. 1981.</subfield>
        </datafield>
        <datafield tag="269" ind1=" " ind2=" ">
            <subfield code="a">19810907</subfield>
        </datafield>
        <datafield tag="300" ind1=" " ind2=" ">
            <subfield code="a">4 p.</subfield>
        </datafield>
        <datafield tag="611" ind1="2" ind2="7">
            <subfield code="0">871517</subfield>
            <subfield code="a">Conference on International Migration in the Arab World (1981 : Nicosia)</subfield>
        </datafield>
        <datafield tag="650" ind1="0" ind2="7">
            <subfield code="0">1281649</subfield>
            <subfield code="a">DOCUMENTS</subfield>
        </datafield>
        <datafield tag="856" ind1="4" ind2=" ">
            <subfield code="s">297894</subfield>
            <subfield code="u">http://digitallibrary.un.org/record/27950/files/E_ECWA_POP_CONF.4_INF.3-AR.pdf</subfield>
            <subfield code="y">العربية</subfield>
        </datafield>
        <datafield tag="856" ind1="4" ind2=" ">
            <subfield code="s">407748</subfield>
            <subfield code="u">http://digitallibrary.un.org/record/27950/files/E_ECWA_POP_CONF.4_INF.3-EN.pdf</subfield>
            <subfield code="y">English</subfield>
        </datafield>
        <datafield tag="930" ind1=" " ind2=" ">
            <subfield code="a">UNDMAR82</subfield>
        </datafield>
        <datafield tag="955" ind1=" " ind2=" ">
            <subfield code="a">13723900</subfield>
        </datafield>
        <datafield tag="980" ind1=" " ind2=" ">
            <subfield code="a">BIB</subfield>
        </datafield>
        <datafield tag="989" ind1=" " ind2=" ">
            <subfield code="a">Documents and Publications</subfield>
        </datafield>
        <datafield tag="998" ind1=" " ind2=" ">
            <subfield code="a">19961220190000</subfield>
            <subfield code="c">20070709190800</subfield>
        </datafield>
    </record>