

    
    <record>
        <controlfield tag="001">25438</controlfield>
        <controlfield tag="000">00940nam\\2200289#\\4500</controlfield>
        <controlfield tag="005">20170412234620.0</controlfield>
        <controlfield tag="008">820121s1981\\\\lbn\\\\\r\\\\\\\\\\\eng\u</controlfield>
        <datafield tag="035" ind1=" " ind2=" ">
            <subfield code="a">D0024306</subfield>
        </datafield>
        <datafield tag="035" ind1=" " ind2=" ">
            <subfield code="a">(DHL)98176</subfield>
        </datafield>
        <datafield tag="039" ind1=" " ind2=" ">
            <subfield code="a">DHU</subfield>
        </datafield>
        <datafield tag="040" ind1=" " ind2=" ">
            <subfield code="a">NNUN</subfield>
            <subfield code="b">eng</subfield>
        </datafield>
        <datafield tag="041" ind1=" " ind2=" ">
            <subfield code="a">eng</subfield>
        </datafield>
        <datafield tag="049" ind1=" " ind2=" ">
            <subfield code="a">lbn</subfield>
        </datafield>
        <datafield tag="089" ind1=" " ind2=" ">
            <subfield code="a">Miscellaneous (UN)</subfield>
            <subfield code="b">B19</subfield>
        </datafield>
        <datafield tag="091" ind1=" " ind2=" ">
            <subfield code="a">LTD</subfield>
        </datafield>
        <datafield tag="099" ind1=" " ind2=" ">
            <subfield code="a">UNH</subfield>
            <subfield code="b">DHU</subfield>
        </datafield>
        <datafield tag="191" ind1=" " ind2=" ">
            <subfield code="0">947057</subfield>
            <subfield code="a">E/ECWA/AGR/WG.12/19</subfield>
            <subfield code="b">E/ECWA/AGR/WG.12/</subfield>
            <subfield code="c">1981</subfield>
            <subfield code="d">E/ECWA/AGR/WG.12/</subfield>
            <subfield code="e">19</subfield>
            <subfield code="q">EECWAAGRWG1219</subfield>
            <subfield code="r">EECWAAGRWG121981</subfield>
        </datafield>
        <datafield tag="245" ind1="1" ind2="0">
            <subfield code="a">Soil and water conservation strategies for the ECWA region /</subfield>
            <subfield code="c">by D.W. Sanders, Senior Officer (Soil Conservation), Soil Resources, Management and Conservation Service, Land and Water Development Division, FAO, Rome.</subfield>
        </datafield>
        <datafield tag="260" ind1=" " ind2=" ">
            <subfield code="a">Beirut :</subfield>
            <subfield code="b">UN,</subfield>
            <subfield code="c">15 Apr. 1981.</subfield>
        </datafield>
        <datafield tag="269" ind1=" " ind2=" ">
            <subfield code="a">19810415</subfield>
        </datafield>
        <datafield tag="300" ind1=" " ind2=" ">
            <subfield code="a">i, [14] p.</subfield>
        </datafield>
        <datafield tag="650" ind1="0" ind2="7">
            <subfield code="0">1278867</subfield>
            <subfield code="a">SOIL MANAGEMENT</subfield>
        </datafield>
        <datafield tag="650" ind1="0" ind2="7">
            <subfield code="0">1278839</subfield>
            <subfield code="a">WATER MANAGEMENT</subfield>
        </datafield>
        <datafield tag="651" ind1="0" ind2="7">
            <subfield code="0">1282273</subfield>
            <subfield code="a">WESTERN ASIA</subfield>
        </datafield>
        <datafield tag="700" ind1="1" ind2="0">
            <subfield code="0">947068</subfield>
            <subfield code="a">Sanders, D.W.</subfield>
        </datafield>
        <datafield tag="930" ind1=" " ind2=" ">
            <subfield code="a">UNDDEC81</subfield>
        </datafield>
        <datafield tag="955" ind1=" " ind2=" ">
            <subfield code="a">13704200</subfield>
        </datafield>
        <datafield tag="980" ind1=" " ind2=" ">
            <subfield code="a">BIB</subfield>
        </datafield>
        <datafield tag="989" ind1=" " ind2=" ">
            <subfield code="a">Documents and Publications</subfield>
        </datafield>
        <datafield tag="998" ind1=" " ind2=" ">
            <subfield code="a">19961220190000</subfield>
            <subfield code="c">20090327071400</subfield>
            <subfield code="d">vwcat2</subfield>
        </datafield>
    </record>