

    
    <record>
        <controlfield tag="001">25419</controlfield>
        <controlfield tag="000">00997nam\\2200325#\\4500</controlfield>
        <controlfield tag="005">20170412234620.0</controlfield>
        <controlfield tag="008">820121s1981\\\\lbn\\\\\r\\\\\\\\\\\eng\u</controlfield>
        <datafield tag="035" ind1=" " ind2=" ">
            <subfield code="a">D0024287</subfield>
        </datafield>
        <datafield tag="035" ind1=" " ind2=" ">
            <subfield code="a">(DHL)98157</subfield>
        </datafield>
        <datafield tag="039" ind1=" " ind2=" ">
            <subfield code="a">DHU</subfield>
        </datafield>
        <datafield tag="040" ind1=" " ind2=" ">
            <subfield code="a">NNUN</subfield>
            <subfield code="b">eng</subfield>
        </datafield>
        <datafield tag="041" ind1=" " ind2=" ">
            <subfield code="a">eng</subfield>
        </datafield>
        <datafield tag="049" ind1=" " ind2=" ">
            <subfield code="a">lbn</subfield>
        </datafield>
        <datafield tag="069" ind1=" " ind2=" ">
            <subfield code="a">HUR</subfield>
            <subfield code="b">0704</subfield>
        </datafield>
        <datafield tag="089" ind1=" " ind2=" ">
            <subfield code="a">Miscellaneous (UN)</subfield>
            <subfield code="b">B19</subfield>
        </datafield>
        <datafield tag="091" ind1=" " ind2=" ">
            <subfield code="a">GEN</subfield>
        </datafield>
        <datafield tag="099" ind1=" " ind2=" ">
            <subfield code="a">UNH</subfield>
            <subfield code="b">DHU</subfield>
        </datafield>
        <datafield tag="191" ind1=" " ind2=" ">
            <subfield code="0">944816</subfield>
            <subfield code="a">E/ECWA/126</subfield>
            <subfield code="b">E/ECWA/</subfield>
            <subfield code="c">8</subfield>
            <subfield code="d">E/ECWA/</subfield>
            <subfield code="e">126</subfield>
            <subfield code="f">000094</subfield>
            <subfield code="q">EECWA126</subfield>
            <subfield code="r">EECWA8</subfield>
        </datafield>
        <datafield tag="245" ind1="1" ind2="4">
            <subfield code="a">The World Conference of the United Nations Decade for Women :</subfield>
            <subfield code="b">Equality, Development and Peace, Copenhagen, 13-30 July 1980 : note /</subfield>
            <subfield code="c">by the Executive Secretary.</subfield>
        </datafield>
        <datafield tag="260" ind1=" " ind2=" ">
            <subfield code="a">Beirut :</subfield>
            <subfield code="b">UN,</subfield>
            <subfield code="c">18 Mar. 1981.</subfield>
        </datafield>
        <datafield tag="269" ind1=" " ind2=" ">
            <subfield code="a">19810318</subfield>
        </datafield>
        <datafield tag="300" ind1=" " ind2=" ">
            <subfield code="a">3 p.</subfield>
        </datafield>
        <datafield tag="611" ind1="2" ind2="7">
            <subfield code="0">878565</subfield>
            <subfield code="a">World Conference of the United Nations Decade for Women (1980 : Copenhagen)</subfield>
        </datafield>
        <datafield tag="650" ind1="0" ind2="7">
            <subfield code="0">1283088</subfield>
            <subfield code="a">WOMEN'S STATUS</subfield>
        </datafield>
        <datafield tag="651" ind1="0" ind2="7">
            <subfield code="0">1282273</subfield>
            <subfield code="a">WESTERN ASIA</subfield>
        </datafield>
        <datafield tag="710" ind1="2" ind2="0">
            <subfield code="0">877761</subfield>
            <subfield code="a">UN. ECWA. Executive Secretary</subfield>
        </datafield>
        <datafield tag="930" ind1=" " ind2=" ">
            <subfield code="a">UNDDEC81</subfield>
        </datafield>
        <datafield tag="930" ind1=" " ind2=" ">
            <subfield code="a">HUR</subfield>
            <subfield code="b">012622</subfield>
        </datafield>
        <datafield tag="930" ind1=" " ind2=" ">
            <subfield code="a">CWA</subfield>
        </datafield>
        <datafield tag="955" ind1=" " ind2=" ">
            <subfield code="a">13701200</subfield>
        </datafield>
        <datafield tag="980" ind1=" " ind2=" ">
            <subfield code="a">BIB</subfield>
        </datafield>
        <datafield tag="989" ind1=" " ind2=" ">
            <subfield code="a">Documents and Publications</subfield>
        </datafield>
        <datafield tag="998" ind1=" " ind2=" ">
            <subfield code="a">19961220190000</subfield>
            <subfield code="c">20110602083700</subfield>
            <subfield code="d">amcat</subfield>
        </datafield>
    </record>