

    
    <record>
        <controlfield tag="001">25413</controlfield>
        <controlfield tag="000">01002nam\\2200289#\\4500</controlfield>
        <controlfield tag="005">20170411225016.0</controlfield>
        <controlfield tag="008">820121s1981\\\\lbn\\\\\r\\\\\\\\\\\eng\u</controlfield>
        <datafield tag="035" ind1=" " ind2=" ">
            <subfield code="a">D0024281</subfield>
        </datafield>
        <datafield tag="035" ind1=" " ind2=" ">
            <subfield code="a">(DHL)98151</subfield>
        </datafield>
        <datafield tag="039" ind1=" " ind2=" ">
            <subfield code="a">DHU</subfield>
        </datafield>
        <datafield tag="040" ind1=" " ind2=" ">
            <subfield code="a">NNUN</subfield>
            <subfield code="b">eng</subfield>
        </datafield>
        <datafield tag="041" ind1=" " ind2=" ">
            <subfield code="a">araengfre</subfield>
        </datafield>
        <datafield tag="049" ind1=" " ind2=" ">
            <subfield code="a">lbn</subfield>
        </datafield>
        <datafield tag="089" ind1=" " ind2=" ">
            <subfield code="a">Resolutions and decisions (UN)</subfield>
            <subfield code="b">B01</subfield>
        </datafield>
        <datafield tag="091" ind1=" " ind2=" ">
            <subfield code="a">GEN</subfield>
        </datafield>
        <datafield tag="099" ind1=" " ind2=" ">
            <subfield code="a">UNH</subfield>
            <subfield code="b">DHU</subfield>
        </datafield>
        <datafield tag="191" ind1=" " ind2=" ">
            <subfield code="0">944816</subfield>
            <subfield code="a">E/ECWA/122/Add.2</subfield>
            <subfield code="b">E/ECWA/</subfield>
            <subfield code="c">8</subfield>
            <subfield code="d">E/ECWA/</subfield>
            <subfield code="e">122/Add.2</subfield>
            <subfield code="f">000088</subfield>
            <subfield code="q">EECWA122ADD2</subfield>
            <subfield code="r">EECWA8</subfield>
        </datafield>
        <datafield tag="245" ind1="1" ind2="0">
            <subfield code="a">Resolution /</subfield>
            <subfield code="c">adopted by the General Assembly.</subfield>
        </datafield>
        <datafield tag="260" ind1=" " ind2=" ">
            <subfield code="a">Beirut :</subfield>
            <subfield code="b">UN,</subfield>
            <subfield code="c">6 Apr. 1981.</subfield>
        </datafield>
        <datafield tag="269" ind1=" " ind2=" ">
            <subfield code="a">19810406</subfield>
        </datafield>
        <datafield tag="300" ind1=" " ind2=" ">
            <subfield code="a">1 p.</subfield>
        </datafield>
        <datafield tag="500" ind1=" " ind2=" ">
            <subfield code="a">Transmits General Assembly resolution 35/56 and annex containing International Development Strategy.</subfield>
        </datafield>
        <datafield tag="630" ind1="0" ind2="7">
            <subfield code="0">870289</subfield>
            <subfield code="a">International Development Strategy for the Third United Nations Development Decade (1980)</subfield>
        </datafield>
        <datafield tag="856" ind1="4" ind2=" ">
            <subfield code="s">2779801</subfield>
            <subfield code="u">http://digitallibrary.un.org/record/25413/files/E_ECWA_122_Add.2-AR.pdf</subfield>
            <subfield code="y">العربية</subfield>
        </datafield>
        <datafield tag="856" ind1="4" ind2=" ">
            <subfield code="s">4449784</subfield>
            <subfield code="u">http://digitallibrary.un.org/record/25413/files/E_ECWA_122_Add.2-EN.pdf</subfield>
            <subfield code="y">English</subfield>
        </datafield>
        <datafield tag="930" ind1=" " ind2=" ">
            <subfield code="a">UNDDEC81</subfield>
        </datafield>
        <datafield tag="930" ind1=" " ind2=" ">
            <subfield code="a">CWA</subfield>
        </datafield>
        <datafield tag="955" ind1=" " ind2=" ">
            <subfield code="a">13700600</subfield>
        </datafield>
        <datafield tag="980" ind1=" " ind2=" ">
            <subfield code="a">BIB</subfield>
        </datafield>
        <datafield tag="989" ind1=" " ind2=" ">
            <subfield code="a">Documents and Publications</subfield>
            <subfield code="b">Resolutions and Decisions</subfield>
        </datafield>
        <datafield tag="991" ind1=" " ind2=" ">
            <subfield code="0">947045</subfield>
            <subfield code="a">E/ECWA/115</subfield>
            <subfield code="b">11</subfield>
            <subfield code="c">International Development Strategy for the 3rd United Nations Development Decade.</subfield>
        </datafield>
        <datafield tag="998" ind1=" " ind2=" ">
            <subfield code="a">19961220190000</subfield>
            <subfield code="c">20060106000900</subfield>
        </datafield>
    </record>