

    
    <record>
        <controlfield tag="001">25410</controlfield>
        <controlfield tag="000">00821nam\\2200289#\\4500</controlfield>
        <controlfield tag="005">20170412225050.0</controlfield>
        <controlfield tag="008">820121s1981\\\\lbn\\\\\r\\\\\\\\\\\eng\u</controlfield>
        <datafield tag="035" ind1=" " ind2=" ">
            <subfield code="a">D0024278</subfield>
        </datafield>
        <datafield tag="035" ind1=" " ind2=" ">
            <subfield code="a">(DHL)98148</subfield>
        </datafield>
        <datafield tag="039" ind1=" " ind2=" ">
            <subfield code="a">DHU</subfield>
        </datafield>
        <datafield tag="040" ind1=" " ind2=" ">
            <subfield code="a">NNUN</subfield>
            <subfield code="b">eng</subfield>
        </datafield>
        <datafield tag="041" ind1=" " ind2=" ">
            <subfield code="a">araengfre</subfield>
        </datafield>
        <datafield tag="049" ind1=" " ind2=" ">
            <subfield code="a">lbn</subfield>
        </datafield>
        <datafield tag="089" ind1=" " ind2=" ">
            <subfield code="a">Reports/studies</subfield>
            <subfield code="b">B16</subfield>
        </datafield>
        <datafield tag="091" ind1=" " ind2=" ">
            <subfield code="a">GEN</subfield>
        </datafield>
        <datafield tag="099" ind1=" " ind2=" ">
            <subfield code="a">UNH</subfield>
            <subfield code="b">DHU</subfield>
        </datafield>
        <datafield tag="191" ind1=" " ind2=" ">
            <subfield code="0">944816</subfield>
            <subfield code="a">E/ECWA/120/Add.3</subfield>
            <subfield code="b">E/ECWA/</subfield>
            <subfield code="c">8</subfield>
            <subfield code="d">E/ECWA/</subfield>
            <subfield code="e">120/Add.3</subfield>
            <subfield code="f">000085</subfield>
            <subfield code="q">EECWA120ADD3</subfield>
            <subfield code="r">EECWA8</subfield>
        </datafield>
        <datafield tag="245" ind1="1" ind2="0">
            <subfield code="a">Progress report on the implementation of the work programme :</subfield>
            <subfield code="b">note /</subfield>
            <subfield code="c">by the Executive Secretary.</subfield>
        </datafield>
        <datafield tag="260" ind1=" " ind2=" ">
            <subfield code="a">Beirut :</subfield>
            <subfield code="b">UN,</subfield>
            <subfield code="c">23 Mar. 1981.</subfield>
        </datafield>
        <datafield tag="269" ind1=" " ind2=" ">
            <subfield code="a">19810323</subfield>
        </datafield>
        <datafield tag="300" ind1=" " ind2=" ">
            <subfield code="a">4 p.</subfield>
        </datafield>
        <datafield tag="610" ind1="2" ind2="7">
            <subfield code="0">943884</subfield>
            <subfield code="a">UN. ECWA</subfield>
            <subfield code="g">ACTIVITIES (1980)</subfield>
        </datafield>
        <datafield tag="650" ind1="0" ind2="7">
            <subfield code="0">1282596</subfield>
            <subfield code="a">WORK PROGRAMME</subfield>
        </datafield>
        <datafield tag="710" ind1="2" ind2="0">
            <subfield code="0">877761</subfield>
            <subfield code="a">UN. ECWA. Executive Secretary</subfield>
        </datafield>
        <datafield tag="856" ind1="4" ind2=" ">
            <subfield code="s">223400</subfield>
            <subfield code="u">http://digitallibrary.un.org/record/25410/files/E_ECWA_120_Add.3-AR.pdf</subfield>
            <subfield code="y">العربية</subfield>
        </datafield>
        <datafield tag="856" ind1="4" ind2=" ">
            <subfield code="s">287993</subfield>
            <subfield code="u">http://digitallibrary.un.org/record/25410/files/E_ECWA_120_Add.3-EN.pdf</subfield>
            <subfield code="y">English</subfield>
        </datafield>
        <datafield tag="930" ind1=" " ind2=" ">
            <subfield code="a">UNDDEC81</subfield>
        </datafield>
        <datafield tag="930" ind1=" " ind2=" ">
            <subfield code="a">CWA</subfield>
        </datafield>
        <datafield tag="955" ind1=" " ind2=" ">
            <subfield code="a">13700300</subfield>
        </datafield>
        <datafield tag="980" ind1=" " ind2=" ">
            <subfield code="a">BIB</subfield>
        </datafield>
        <datafield tag="989" ind1=" " ind2=" ">
            <subfield code="a">Documents and Publications</subfield>
            <subfield code="b">Reports</subfield>
        </datafield>
        <datafield tag="998" ind1=" " ind2=" ">
            <subfield code="a">19961220190000</subfield>
            <subfield code="c">20060105190000</subfield>
        </datafield>
    </record>