

    
    <record>
        <controlfield tag="001">25402</controlfield>
        <controlfield tag="000">00832nam\\2200301#\\4500</controlfield>
        <controlfield tag="005">20170412235051.0</controlfield>
        <controlfield tag="008">820121s1981\\\\lbn\\\\\r\\\\\\\\\\\eng\u</controlfield>
        <datafield tag="035" ind1=" " ind2=" ">
            <subfield code="a">D0024270</subfield>
        </datafield>
        <datafield tag="035" ind1=" " ind2=" ">
            <subfield code="a">(DHL)98140</subfield>
        </datafield>
        <datafield tag="039" ind1=" " ind2=" ">
            <subfield code="a">DHU</subfield>
        </datafield>
        <datafield tag="040" ind1=" " ind2=" ">
            <subfield code="a">NNUN</subfield>
            <subfield code="b">eng</subfield>
        </datafield>
        <datafield tag="041" ind1=" " ind2=" ">
            <subfield code="a">araengfre</subfield>
        </datafield>
        <datafield tag="049" ind1=" " ind2=" ">
            <subfield code="a">lbn</subfield>
        </datafield>
        <datafield tag="089" ind1=" " ind2=" ">
            <subfield code="a">Miscellaneous (UN)</subfield>
            <subfield code="b">B19</subfield>
        </datafield>
        <datafield tag="091" ind1=" " ind2=" ">
            <subfield code="a">GEN</subfield>
        </datafield>
        <datafield tag="099" ind1=" " ind2=" ">
            <subfield code="a">UNH</subfield>
            <subfield code="b">DHU</subfield>
        </datafield>
        <datafield tag="191" ind1=" " ind2=" ">
            <subfield code="0">944816</subfield>
            <subfield code="a">E/ECWA/118/Add.2</subfield>
            <subfield code="b">E/ECWA/</subfield>
            <subfield code="c">8</subfield>
            <subfield code="d">E/ECWA/</subfield>
            <subfield code="e">118/Add.2</subfield>
            <subfield code="f">000077</subfield>
            <subfield code="q">EECWA118ADD2</subfield>
            <subfield code="r">EECWA8</subfield>
        </datafield>
        <datafield tag="245" ind1="1" ind2="0">
            <subfield code="a">Publications programme.</subfield>
        </datafield>
        <datafield tag="260" ind1=" " ind2=" ">
            <subfield code="a">Beirut :</subfield>
            <subfield code="b">UN,</subfield>
            <subfield code="c">5 Mar. 1981.</subfield>
        </datafield>
        <datafield tag="269" ind1=" " ind2=" ">
            <subfield code="a">19810305</subfield>
        </datafield>
        <datafield tag="300" ind1=" " ind2=" ">
            <subfield code="a">[16] p. :</subfield>
            <subfield code="b">tables.</subfield>
        </datafield>
        <datafield tag="610" ind1="2" ind2="7">
            <subfield code="0">944819</subfield>
            <subfield code="a">UN. ECWA</subfield>
            <subfield code="g">WORK PROGRAMME (1982-1983)</subfield>
        </datafield>
        <datafield tag="650" ind1="0" ind2="7">
            <subfield code="0">1282578</subfield>
            <subfield code="a">PUBLICATIONS</subfield>
        </datafield>
        <datafield tag="650" ind1="0" ind2="7">
            <subfield code="0">1282596</subfield>
            <subfield code="a">WORK PROGRAMME</subfield>
        </datafield>
        <datafield tag="856" ind1="4" ind2=" ">
            <subfield code="s">1543005</subfield>
            <subfield code="u">http://digitallibrary.un.org/record/25402/files/E_ECWA_118_Add.2-AR.pdf</subfield>
            <subfield code="y">العربية</subfield>
        </datafield>
        <datafield tag="856" ind1="4" ind2=" ">
            <subfield code="s">469688</subfield>
            <subfield code="u">http://digitallibrary.un.org/record/25402/files/E_ECWA_118_Add.2-EN.pdf</subfield>
            <subfield code="y">English</subfield>
        </datafield>
        <datafield tag="930" ind1=" " ind2=" ">
            <subfield code="a">UNDDEC81</subfield>
        </datafield>
        <datafield tag="930" ind1=" " ind2=" ">
            <subfield code="a">CWA</subfield>
        </datafield>
        <datafield tag="955" ind1=" " ind2=" ">
            <subfield code="a">13699500</subfield>
        </datafield>
        <datafield tag="980" ind1=" " ind2=" ">
            <subfield code="a">BIB</subfield>
        </datafield>
        <datafield tag="989" ind1=" " ind2=" ">
            <subfield code="a">Documents and Publications</subfield>
        </datafield>
        <datafield tag="991" ind1=" " ind2=" ">
            <subfield code="0">947041</subfield>
            <subfield code="a">E/ECWA/115</subfield>
            <subfield code="b">8</subfield>
            <subfield code="c">Programme of work and priorities for 1982-1983.</subfield>
        </datafield>
        <datafield tag="998" ind1=" " ind2=" ">
            <subfield code="a">19961220190000</subfield>
            <subfield code="c">20061129091200</subfield>
            <subfield code="d">nccat</subfield>
        </datafield>
    </record>