

    
    <record>
        <controlfield tag="001">21287</controlfield>
        <controlfield tag="000">00853cam\\2200277#\\4500</controlfield>
        <controlfield tag="005">20170412234607.0</controlfield>
        <controlfield tag="008">810925s1980\\\\lbn\\\\\r\\\\\\\\\\\eng\u</controlfield>
        <datafield tag="035" ind1=" " ind2=" ">
            <subfield code="a">D0020226</subfield>
        </datafield>
        <datafield tag="035" ind1=" " ind2=" ">
            <subfield code="a">(DHL)91439</subfield>
        </datafield>
        <datafield tag="039" ind1=" " ind2=" ">
            <subfield code="a">DHU</subfield>
        </datafield>
        <datafield tag="040" ind1=" " ind2=" ">
            <subfield code="a">NNUN</subfield>
            <subfield code="b">eng</subfield>
        </datafield>
        <datafield tag="041" ind1=" " ind2=" ">
            <subfield code="a">eng</subfield>
        </datafield>
        <datafield tag="049" ind1=" " ind2=" ">
            <subfield code="a">lbn</subfield>
        </datafield>
        <datafield tag="089" ind1=" " ind2=" ">
            <subfield code="a">Reports/studies</subfield>
            <subfield code="b">B16</subfield>
        </datafield>
        <datafield tag="091" ind1=" " ind2=" ">
            <subfield code="a">gen</subfield>
        </datafield>
        <datafield tag="099" ind1=" " ind2=" ">
            <subfield code="a">UNH</subfield>
            <subfield code="b">DHU</subfield>
        </datafield>
        <datafield tag="191" ind1=" " ind2=" ">
            <subfield code="0">944280</subfield>
            <subfield code="a">E/ECWA/ID/WG.4/8</subfield>
            <subfield code="b">E/ECWA/ID/WG.4/</subfield>
            <subfield code="c">1981</subfield>
            <subfield code="d">E/ECWA/ID/WG.4/</subfield>
            <subfield code="e">8</subfield>
            <subfield code="q">EECWAIDWG48</subfield>
            <subfield code="r">EECWAIDWG41981</subfield>
        </datafield>
        <datafield tag="245" ind1="1" ind2="4">
            <subfield code="a">The viability of establishing a regional electric power industry in the ECWA region. Volume III. Prefeasibility study on transformers.</subfield>
        </datafield>
        <datafield tag="260" ind1=" " ind2=" ">
            <subfield code="a">Beirut :</subfield>
            <subfield code="b">UN,</subfield>
            <subfield code="c">Dec. 1980.</subfield>
        </datafield>
        <datafield tag="269" ind1=" " ind2=" ">
            <subfield code="a">198012</subfield>
        </datafield>
        <datafield tag="300" ind1=" " ind2=" ">
            <subfield code="a">vi, [73] p., including annexes :</subfield>
            <subfield code="b">tables.</subfield>
        </datafield>
        <datafield tag="650" ind1="0" ind2="7">
            <subfield code="0">1279669</subfield>
            <subfield code="a">ELECTRIC POWER PLANTS</subfield>
        </datafield>
        <datafield tag="650" ind1="0" ind2="7">
            <subfield code="0">1279339</subfield>
            <subfield code="a">EQUIPMENT AND SUPPLIES</subfield>
        </datafield>
        <datafield tag="651" ind1="0" ind2="7">
            <subfield code="0">1282273</subfield>
            <subfield code="a">WESTERN ASIA</subfield>
        </datafield>
        <datafield tag="930" ind1=" " ind2=" ">
            <subfield code="a">UNDJUN81</subfield>
        </datafield>
        <datafield tag="955" ind1=" " ind2=" ">
            <subfield code="a">13712200</subfield>
        </datafield>
        <datafield tag="980" ind1=" " ind2=" ">
            <subfield code="a">BIB</subfield>
        </datafield>
        <datafield tag="989" ind1=" " ind2=" ">
            <subfield code="a">Documents and Publications</subfield>
        </datafield>
        <datafield tag="998" ind1=" " ind2=" ">
            <subfield code="a">19961220190000</subfield>
            <subfield code="c">20090327081000</subfield>
            <subfield code="d">vwcat2</subfield>
        </datafield>
    </record>