

    
    <record>
        <controlfield tag="001">17076</controlfield>
        <controlfield tag="000">00833nam\\2200265#\\4500</controlfield>
        <controlfield tag="005">20170412234552.0</controlfield>
        <controlfield tag="008">810223s1979\\\\lbn\\\\\r\\\\\\\\\\\eng\u</controlfield>
        <datafield tag="035" ind1=" " ind2=" ">
            <subfield code="a">D0015957</subfield>
        </datafield>
        <datafield tag="035" ind1=" " ind2=" ">
            <subfield code="a">(DHL)84164</subfield>
        </datafield>
        <datafield tag="039" ind1=" " ind2=" ">
            <subfield code="a">DHU</subfield>
        </datafield>
        <datafield tag="040" ind1=" " ind2=" ">
            <subfield code="a">NNUN</subfield>
            <subfield code="b">eng</subfield>
        </datafield>
        <datafield tag="041" ind1=" " ind2=" ">
            <subfield code="a">araeng</subfield>
        </datafield>
        <datafield tag="049" ind1=" " ind2=" ">
            <subfield code="a">lbn</subfield>
        </datafield>
        <datafield tag="089" ind1=" " ind2=" ">
            <subfield code="a">Miscellaneous (UN)</subfield>
            <subfield code="b">B19</subfield>
        </datafield>
        <datafield tag="091" ind1=" " ind2=" ">
            <subfield code="a">ltd</subfield>
        </datafield>
        <datafield tag="099" ind1=" " ind2=" ">
            <subfield code="a">UNH</subfield>
            <subfield code="b">DHU</subfield>
        </datafield>
        <datafield tag="191" ind1=" " ind2=" ">
            <subfield code="0">943919</subfield>
            <subfield code="a">E/ECWA/SDHS/CONF.4/INF.1</subfield>
            <subfield code="b">E/ECWA/SDHS/CONF.4/</subfield>
            <subfield code="c">1979</subfield>
            <subfield code="d">E/ECWA/SDHS/CONF.4/</subfield>
            <subfield code="e">INF.1</subfield>
            <subfield code="q">EECWASDHSCONF4INF1</subfield>
            <subfield code="r">EECWASDHSCONF41979</subfield>
        </datafield>
        <datafield tag="245" ind1="1" ind2="0">
            <subfield code="a">Provisional schedule for the meeting.</subfield>
        </datafield>
        <datafield tag="260" ind1=" " ind2=" ">
            <subfield code="a">Beirut :</subfield>
            <subfield code="b">UN,</subfield>
            <subfield code="c">18 Oct. 1979.</subfield>
        </datafield>
        <datafield tag="269" ind1=" " ind2=" ">
            <subfield code="a">19791018</subfield>
        </datafield>
        <datafield tag="300" ind1=" " ind2=" ">
            <subfield code="a">[3] p.</subfield>
        </datafield>
        <datafield tag="611" ind1="2" ind2="7">
            <subfield code="0">943921</subfield>
            <subfield code="a">REGIONAL PREPARATORY MEETING FOR THE WORLD CONFERENCE FOR THE UNITED NATIONS DECADE FOR WOMEN (1979 : DAMASCUS)</subfield>
            <subfield code="g">WORK ORGANIZATION.</subfield>
        </datafield>
        <datafield tag="650" ind1="0" ind2="7">
            <subfield code="0">1282595</subfield>
            <subfield code="a">WORK ORGANIZATION</subfield>
        </datafield>
        <datafield tag="856" ind1="4" ind2=" ">
            <subfield code="s">177454</subfield>
            <subfield code="u">http://digitallibrary.un.org/record/17076/files/E_ECWA_SDHS_CONF.4_INF.1-AR.pdf</subfield>
            <subfield code="y">العربية</subfield>
        </datafield>
        <datafield tag="856" ind1="4" ind2=" ">
            <subfield code="s">221279</subfield>
            <subfield code="u">http://digitallibrary.un.org/record/17076/files/E_ECWA_SDHS_CONF.4_INF.1-EN.pdf</subfield>
            <subfield code="y">English</subfield>
        </datafield>
        <datafield tag="930" ind1=" " ind2=" ">
            <subfield code="a">UNDCUM80</subfield>
        </datafield>
        <datafield tag="955" ind1=" " ind2=" ">
            <subfield code="a">13731400</subfield>
        </datafield>
        <datafield tag="980" ind1=" " ind2=" ">
            <subfield code="a">BIB</subfield>
        </datafield>
        <datafield tag="989" ind1=" " ind2=" ">
            <subfield code="a">Documents and Publications</subfield>
        </datafield>
        <datafield tag="998" ind1=" " ind2=" ">
            <subfield code="a">19961219190000</subfield>
            <subfield code="c">20090330101100</subfield>
            <subfield code="d">vwcat2</subfield>
        </datafield>
    </record>