

    
    <record>
        <controlfield tag="001">17043</controlfield>
        <controlfield tag="000">01033nam\\2200325#\\4500</controlfield>
        <controlfield tag="005">20170412234552.0</controlfield>
        <controlfield tag="008">810223s1979\\\\lbn\\\\\r\\\\\\\\\\\eng\u</controlfield>
        <datafield tag="035" ind1=" " ind2=" ">
            <subfield code="a">D0015924</subfield>
        </datafield>
        <datafield tag="035" ind1=" " ind2=" ">
            <subfield code="a">(DHL)84131</subfield>
        </datafield>
        <datafield tag="039" ind1=" " ind2=" ">
            <subfield code="a">DHU</subfield>
        </datafield>
        <datafield tag="040" ind1=" " ind2=" ">
            <subfield code="a">NNUN</subfield>
            <subfield code="b">eng</subfield>
        </datafield>
        <datafield tag="041" ind1=" " ind2=" ">
            <subfield code="a">araeng</subfield>
        </datafield>
        <datafield tag="049" ind1=" " ind2=" ">
            <subfield code="a">lbn</subfield>
        </datafield>
        <datafield tag="089" ind1=" " ind2=" ">
            <subfield code="a">Miscellaneous (UN)</subfield>
            <subfield code="b">B19</subfield>
        </datafield>
        <datafield tag="091" ind1=" " ind2=" ">
            <subfield code="a">gen</subfield>
        </datafield>
        <datafield tag="099" ind1=" " ind2=" ">
            <subfield code="a">UNH</subfield>
            <subfield code="b">DHU</subfield>
        </datafield>
        <datafield tag="191" ind1=" " ind2=" ">
            <subfield code="0">943881</subfield>
            <subfield code="a">E/ECWA/85</subfield>
            <subfield code="b">E/ECWA/</subfield>
            <subfield code="c">6</subfield>
            <subfield code="d">E/ECWA/</subfield>
            <subfield code="e">85</subfield>
            <subfield code="f">000062</subfield>
            <subfield code="q">EECWA85</subfield>
            <subfield code="r">EECWA6</subfield>
        </datafield>
        <datafield tag="245" ind1="1" ind2="0">
            <subfield code="a">Review of the Commission's resolution 37 (IV).</subfield>
        </datafield>
        <datafield tag="260" ind1=" " ind2=" ">
            <subfield code="a">Beirut :</subfield>
            <subfield code="b">UN,</subfield>
            <subfield code="c">30 Apr. 1979.</subfield>
        </datafield>
        <datafield tag="269" ind1=" " ind2=" ">
            <subfield code="a">19790430</subfield>
        </datafield>
        <datafield tag="300" ind1=" " ind2=" ">
            <subfield code="a">1 p.</subfield>
        </datafield>
        <datafield tag="500" ind1=" " ind2=" ">
            <subfield code="a">Transmits message from the Executive Secretary of the Economic Commission for Western Asia to the delegation of Egypt.</subfield>
        </datafield>
        <datafield tag="610" ind1="2" ind2="4">
            <subfield code="0">938219</subfield>
            <subfield code="a">UN. ECWA</subfield>
            <subfield code="g">MEMBERS</subfield>
        </datafield>
        <datafield tag="650" ind1="0" ind2="7">
            <subfield code="0">1282555</subfield>
            <subfield code="a">MEMBERS</subfield>
        </datafield>
        <datafield tag="651" ind1="0" ind2="7">
            <subfield code="0">1282088</subfield>
            <subfield code="a">EGYPT</subfield>
        </datafield>
        <datafield tag="710" ind1="2" ind2="0">
            <subfield code="0">877761</subfield>
            <subfield code="a">UN. ECWA. Executive Secretary</subfield>
        </datafield>
        <datafield tag="856" ind1="4" ind2=" ">
            <subfield code="s">26940</subfield>
            <subfield code="u">http://digitallibrary.un.org/record/17043/files/E_ECWA_85-AR.pdf</subfield>
            <subfield code="y">العربية</subfield>
        </datafield>
        <datafield tag="856" ind1="4" ind2=" ">
            <subfield code="s">41632</subfield>
            <subfield code="u">http://digitallibrary.un.org/record/17043/files/E_ECWA_85-EN.pdf</subfield>
            <subfield code="y">English</subfield>
        </datafield>
        <datafield tag="930" ind1=" " ind2=" ">
            <subfield code="a">UNDCUM80</subfield>
        </datafield>
        <datafield tag="930" ind1=" " ind2=" ">
            <subfield code="a">CWA</subfield>
        </datafield>
        <datafield tag="955" ind1=" " ind2=" ">
            <subfield code="a">13698400</subfield>
        </datafield>
        <datafield tag="980" ind1=" " ind2=" ">
            <subfield code="a">BIB</subfield>
        </datafield>
        <datafield tag="989" ind1=" " ind2=" ">
            <subfield code="a">Documents and Publications</subfield>
        </datafield>
        <datafield tag="991" ind1=" " ind2=" ">
            <subfield code="0">943899</subfield>
            <subfield code="a">E/ECWA/73</subfield>
            <subfield code="b">7</subfield>
            <subfield code="c">The financial status of the Commission's programmes and the strengthening of the Financial Contributions Account.</subfield>
        </datafield>
        <datafield tag="998" ind1=" " ind2=" ">
            <subfield code="a">19961219190000</subfield>
            <subfield code="c">20060106141900</subfield>
            <subfield code="d">tacat</subfield>
        </datafield>
    </record>