

    
    <record>
        <controlfield tag="001">14716</controlfield>
        <controlfield tag="000">02020nam\\2200589#\\4500</controlfield>
        <controlfield tag="005">20170412171434.0</controlfield>
        <controlfield tag="008">801117s1980\\\\usa\\\\\r\\\\\\\\\\\eng\u</controlfield>
        <datafield tag="035" ind1=" " ind2=" ">
            <subfield code="a">D0013577</subfield>
        </datafield>
        <datafield tag="035" ind1=" " ind2=" ">
            <subfield code="a">(DHL)80315</subfield>
        </datafield>
        <datafield tag="039" ind1=" " ind2=" ">
            <subfield code="a">DHU</subfield>
        </datafield>
        <datafield tag="040" ind1=" " ind2=" ">
            <subfield code="a">NNUN</subfield>
            <subfield code="b">eng</subfield>
        </datafield>
        <datafield tag="041" ind1=" " ind2=" ">
            <subfield code="a">araengfre</subfield>
        </datafield>
        <datafield tag="049" ind1=" " ind2=" ">
            <subfield code="a">usa</subfield>
        </datafield>
        <datafield tag="069" ind1=" " ind2=" ">
            <subfield code="a">PAL</subfield>
            <subfield code="b">A03</subfield>
        </datafield>
        <datafield tag="089" ind1=" " ind2=" ">
            <subfield code="a">Annual/sessional reports (UN)</subfield>
            <subfield code="b">B04</subfield>
        </datafield>
        <datafield tag="091" ind1=" " ind2=" ">
            <subfield code="a">gen</subfield>
        </datafield>
        <datafield tag="099" ind1=" " ind2=" ">
            <subfield code="a">UNH</subfield>
            <subfield code="b">DHU</subfield>
        </datafield>
        <datafield tag="191" ind1=" " ind2=" ">
            <subfield code="0">941146</subfield>
            <subfield code="a">E/1980/29</subfield>
            <subfield code="b">E/</subfield>
            <subfield code="c">1980</subfield>
            <subfield code="d">E/</subfield>
            <subfield code="e">1980/29</subfield>
            <subfield code="f">000001</subfield>
            <subfield code="q">E198029</subfield>
            <subfield code="r">E1980</subfield>
        </datafield>
        <datafield tag="191" ind1=" " ind2=" ">
            <subfield code="0">942964</subfield>
            <subfield code="a">E/ECWA/114</subfield>
            <subfield code="b">E/ECWA/</subfield>
            <subfield code="c">7</subfield>
            <subfield code="d">E/ECWA/</subfield>
            <subfield code="e">114</subfield>
            <subfield code="f">000069</subfield>
            <subfield code="q">EECWA114</subfield>
            <subfield code="r">EECWA7</subfield>
        </datafield>
        <datafield tag="239" ind1="1" ind2="0">
            <subfield code="a">ECWA (7th sess.). Report</subfield>
        </datafield>
        <datafield tag="245" ind1="1" ind2="0">
            <subfield code="a">Economic Commission for Western Asia. Report on the 7th session, 19-23 April 1980.</subfield>
        </datafield>
        <datafield tag="260" ind1=" " ind2=" ">
            <subfield code="a">New York :</subfield>
            <subfield code="b">UN,</subfield>
            <subfield code="c">1980.</subfield>
        </datafield>
        <datafield tag="269" ind1=" " ind2=" ">
            <subfield code="a">1980</subfield>
        </datafield>
        <datafield tag="300" ind1=" " ind2=" ">
            <subfield code="a">iv, 42 p., including annexes.</subfield>
        </datafield>
        <datafield tag="495" ind1=" " ind2=" ">
            <subfield code="a">ESCOR, 1980, Suppl. no. 9</subfield>
        </datafield>
        <datafield tag="610" ind1="2" ind2="7">
            <subfield code="0">942965</subfield>
            <subfield code="a">UN. ECWA (7TH SESS.)</subfield>
            <subfield code="g">REPORT.</subfield>
        </datafield>
        <datafield tag="610" ind1="2" ind2="7">
            <subfield code="0">938232</subfield>
            <subfield code="a">UN. ECWA</subfield>
            <subfield code="g">HEADQUARTERS: RELOCATION.</subfield>
        </datafield>
        <datafield tag="610" ind1="2" ind2="7">
            <subfield code="0">938218</subfield>
            <subfield code="a">UN. ECWA</subfield>
            <subfield code="g">WORK PROGRAMME (1980-1981)</subfield>
        </datafield>
        <datafield tag="610" ind1="2" ind2="7">
            <subfield code="0">942966</subfield>
            <subfield code="a">UN. ECWA</subfield>
            <subfield code="g">FINANCIAL CONTRIBUTIONS ACCOUNT: STRENGTHENING.</subfield>
        </datafield>
        <datafield tag="610" ind1="2" ind2="7">
            <subfield code="0">938283</subfield>
            <subfield code="a">UN</subfield>
            <subfield code="g">ECONOMIC AND SOCIAL ACTIVITIES: DECENTRALIZATION TO REGIONAL COMMISSIONS.</subfield>
        </datafield>
        <datafield tag="610" ind1="2" ind2="7">
            <subfield code="0">940826</subfield>
            <subfield code="a">UN. ECONOMIC AND SOCIAL COUNCIL</subfield>
            <subfield code="g">REGIONAL COMMISSIONS: STRENGTHENING.</subfield>
        </datafield>
        <datafield tag="610" ind1="2" ind2="7">
            <subfield code="0">936902</subfield>
            <subfield code="a">UN SYSTEM OF ORGANIZATIONS</subfield>
            <subfield code="g">ECONOMIC AND SOCIAL SECTORS: RESTRUCTURING.</subfield>
        </datafield>
        <datafield tag="610" ind1="2" ind2="7">
            <subfield code="0">942967</subfield>
            <subfield code="a">UN. ECWA. REGIONAL WATER RESOURCES COUNCIL</subfield>
            <subfield code="g">ESTABLISHMENT.</subfield>
        </datafield>
        <datafield tag="610" ind1="2" ind2="7">
            <subfield code="0">942968</subfield>
            <subfield code="a">UN. ECWA</subfield>
            <subfield code="g">MEDIUM-TERM PLAN (1984-1989)</subfield>
        </datafield>
        <datafield tag="610" ind1="2" ind2="7">
            <subfield code="0">938235</subfield>
            <subfield code="a">UN. ECWA</subfield>
            <subfield code="g">SUBSIDIARY BODIES: ESTABLISHMENT.</subfield>
        </datafield>
        <datafield tag="630" ind1="0" ind2="7">
            <subfield code="0">876818</subfield>
            <subfield code="a">International Year of Disabled Persons (1981)</subfield>
        </datafield>
        <datafield tag="650" ind1="0" ind2="7">
            <subfield code="0">1279005</subfield>
            <subfield code="a">AGRARIAN REFORM</subfield>
        </datafield>
        <datafield tag="650" ind1="0" ind2="7">
            <subfield code="0">1278576</subfield>
            <subfield code="a">ECONOMIC ASSISTANCE</subfield>
        </datafield>
        <datafield tag="650" ind1="0" ind2="7">
            <subfield code="0">1278348</subfield>
            <subfield code="a">ECONOMIC CONDITIONS</subfield>
        </datafield>
        <datafield tag="650" ind1="0" ind2="7">
            <subfield code="0">1278748</subfield>
            <subfield code="a">ENVIRONMENT</subfield>
        </datafield>
        <datafield tag="650" ind1="0" ind2="7">
            <subfield code="0">1282499</subfield>
            <subfield code="a">PALESTINIANS</subfield>
        </datafield>
        <datafield tag="650" ind1="0" ind2="7">
            <subfield code="0">1280122</subfield>
            <subfield code="a">POPULATION CENSUSES</subfield>
        </datafield>
        <datafield tag="650" ind1="0" ind2="7">
            <subfield code="0">1278422</subfield>
            <subfield code="a">RURAL DEVELOPMENT</subfield>
        </datafield>
        <datafield tag="650" ind1="0" ind2="7">
            <subfield code="0">1281246</subfield>
            <subfield code="a">SOCIAL CONDITIONS</subfield>
        </datafield>
        <datafield tag="650" ind1="0" ind2="7">
            <subfield code="0">1278843</subfield>
            <subfield code="a">WATER RESOURCES</subfield>
        </datafield>
        <datafield tag="651" ind1="0" ind2="7">
            <subfield code="0">1282264</subfield>
            <subfield code="a">LEBANON</subfield>
        </datafield>
        <datafield tag="651" ind1="0" ind2="7">
            <subfield code="0">1282273</subfield>
            <subfield code="a">WESTERN ASIA</subfield>
        </datafield>
        <datafield tag="710" ind1="2" ind2="0">
            <subfield code="0">942969</subfield>
            <subfield code="a">UN. ECWA (7th sess. : 1980 : Baghdad)</subfield>
        </datafield>
        <datafield tag="830" ind1=" " ind2=" ">
            <subfield code="0">1275403</subfield>
            <subfield code="a">Economic and Social Council. Official Records. Supplement</subfield>
        </datafield>
        <datafield tag="830" ind1=" " ind2=" ">
            <subfield code="0">1275616</subfield>
            <subfield code="a">Report of the Economic and Social Commission for Western Asia</subfield>
        </datafield>
        <datafield tag="856" ind1="4" ind2=" ">
            <subfield code="s">1902945</subfield>
            <subfield code="u">http://digitallibrary.un.org/record/14716/files/E_1980_29_E_ECWA_114-AR.pdf</subfield>
            <subfield code="y">العربية</subfield>
        </datafield>
        <datafield tag="856" ind1="4" ind2=" ">
            <subfield code="s">3032363</subfield>
            <subfield code="u">http://digitallibrary.un.org/record/14716/files/E_1980_29_E_ECWA_114-EN.pdf</subfield>
            <subfield code="y">English</subfield>
        </datafield>
        <datafield tag="856" ind1="4" ind2=" ">
            <subfield code="s">3437950</subfield>
            <subfield code="u">http://digitallibrary.un.org/record/14716/files/E_1980_29_E_ECWA_114-FR.pdf</subfield>
            <subfield code="y">Français</subfield>
        </datafield>
        <datafield tag="930" ind1=" " ind2=" ">
            <subfield code="a">UNDOCT80</subfield>
        </datafield>
        <datafield tag="930" ind1=" " ind2=" ">
            <subfield code="a">PALXXX92</subfield>
            <subfield code="b">000148</subfield>
        </datafield>
        <datafield tag="930" ind1=" " ind2=" ">
            <subfield code="a">CWA</subfield>
        </datafield>
        <datafield tag="955" ind1=" " ind2=" ">
            <subfield code="a">09196000</subfield>
        </datafield>
        <datafield tag="980" ind1=" " ind2=" ">
            <subfield code="a">BIB</subfield>
        </datafield>
        <datafield tag="989" ind1=" " ind2=" ">
            <subfield code="a">Documents and Publications</subfield>
            <subfield code="b">Reports</subfield>
            <subfield code="c">Annual and Sessional Reports</subfield>
        </datafield>
        <datafield tag="998" ind1=" " ind2=" ">
            <subfield code="a">19961219190000</subfield>
            <subfield code="c">20170123094100</subfield>
            <subfield code="d">tbcat</subfield>
        </datafield>
        <datafield tag="999" ind1=" " ind2=" ">
            <subfield code="a">tbu20170123</subfield>
            <subfield code="b">20170123</subfield>
            <subfield code="c">u</subfield>
        </datafield>
    </record>