

    
    <record>
        <controlfield tag="001">679769</controlfield>
        <controlfield tag="000">01033nam\\2200325#a\4500</controlfield>
        <controlfield tag="005">20170412234617.0</controlfield>
        <controlfield tag="008">851101s1985\\\\lbn\\\\#r\\\\\|||\|\eng\u</controlfield>
        <datafield tag="029" ind1=" " ind2=" ">
            <subfield code="a">JN</subfield>
            <subfield code="b">G8600316 E</subfield>
        </datafield>
        <datafield tag="035" ind1=" " ind2=" ">
            <subfield code="a">(DHL)919698</subfield>
        </datafield>
        <datafield tag="039" ind1=" " ind2=" ">
            <subfield code="a">GUN</subfield>
        </datafield>
        <datafield tag="040" ind1=" " ind2=" ">
            <subfield code="a">SzGeBNU</subfield>
            <subfield code="b">eng</subfield>
        </datafield>
        <datafield tag="041" ind1=" " ind2=" ">
            <subfield code="a">araeng</subfield>
        </datafield>
        <datafield tag="049" ind1=" " ind2=" ">
            <subfield code="a">lbn</subfield>
        </datafield>
        <datafield tag="089" ind1=" " ind2=" ">
            <subfield code="a">Miscellaneous (UN)</subfield>
            <subfield code="b">B19</subfield>
        </datafield>
        <datafield tag="091" ind1=" " ind2=" ">
            <subfield code="a">gen</subfield>
        </datafield>
        <datafield tag="099" ind1=" " ind2=" ">
            <subfield code="a">UNG</subfield>
            <subfield code="b">GUN</subfield>
        </datafield>
        <datafield tag="191" ind1=" " ind2=" ">
            <subfield code="0">944526</subfield>
            <subfield code="a">E/ECWA/85/IG.1/WP.1/Rev.1</subfield>
            <subfield code="b">E/ECWA/</subfield>
            <subfield code="d">E/ECWA/</subfield>
            <subfield code="q">EECWA85IG1WP1REV1</subfield>
            <subfield code="r">EECWA</subfield>
        </datafield>
        <datafield tag="245" ind1="1" ind2="0">
            <subfield code="a">Economic and social state and status of the Arab Palestinian people in Western Asia</subfield>
        </datafield>
        <datafield tag="246" ind1="1" ind2="0">
            <subfield code="a">Aludhaa wa alamkanat alaktasadiyah wa aljatamaaiyah lilshaab alarabi alpalastini fi mantakah rarbi asia</subfield>
        </datafield>
        <datafield tag="260" ind1=" " ind2=" ">
            <subfield code="a">Beirut :</subfield>
            <subfield code="b">UN,</subfield>
            <subfield code="c">1Nov. 1985</subfield>
        </datafield>
        <datafield tag="269" ind1=" " ind2=" ">
            <subfield code="a">1985</subfield>
        </datafield>
        <datafield tag="300" ind1=" " ind2=" ">
            <subfield code="a">[viii], [85] p.</subfield>
        </datafield>
        <datafield tag="597" ind1="1" ind2=" ">
            <subfield code="a">Retrospective indexing.</subfield>
        </datafield>
        <datafield tag="610" ind1="2" ind2="0">
            <subfield code="0">938219</subfield>
            <subfield code="2">unbisn</subfield>
            <subfield code="a">UN. ECWA</subfield>
            <subfield code="g">MEMBERS</subfield>
        </datafield>
        <datafield tag="650" ind1="1" ind2="7">
            <subfield code="0">1282555</subfield>
            <subfield code="2">unbist</subfield>
            <subfield code="a">MEMBERS</subfield>
        </datafield>
        <datafield tag="651" ind1="1" ind2="7">
            <subfield code="0">1277350</subfield>
            <subfield code="2">unbist</subfield>
            <subfield code="a">PALESTINE</subfield>
        </datafield>
        <datafield tag="710" ind1="2" ind2=" ">
            <subfield code="0">877761</subfield>
            <subfield code="a">UN. ECWA. Executive Secretary</subfield>
        </datafield>
        <datafield tag="856" ind1="4" ind2=" ">
            <subfield code="s">2493815</subfield>
            <subfield code="u">http://digitallibrary.un.org/record/679769/files/E_ECWA_85_IG.1_WP.1_Rev.1-AR.pdf</subfield>
            <subfield code="y">العربية</subfield>
        </datafield>
        <datafield tag="930" ind1=" " ind2=" ">
            <subfield code="a">DIG</subfield>
        </datafield>
        <datafield tag="980" ind1=" " ind2=" ">
            <subfield code="a">BIB</subfield>
        </datafield>
        <datafield tag="989" ind1=" " ind2=" ">
            <subfield code="a">Documents and Publications</subfield>
        </datafield>
        <datafield tag="998" ind1=" " ind2=" ">
            <subfield code="a">20100408084000</subfield>
            <subfield code="b">tlcat</subfield>
            <subfield code="c">20130222094800</subfield>
            <subfield code="d">amcat</subfield>
        </datafield>
        <datafield tag="999" ind1=" " ind2=" ">
            <subfield code="a">tac20100408</subfield>
            <subfield code="b">20100408</subfield>
            <subfield code="c">c</subfield>
        </datafield>
    </record>