

    
    <record>
        <controlfield tag="001">158315</controlfield>
        <controlfield tag="000">00984nam\\2200253#\\4500</controlfield>
        <controlfield tag="005">20170412234626.0</controlfield>
        <controlfield tag="008">880321s1979\\\\irq\\\\\r\\\\\\\\\\\eng\u</controlfield>
        <datafield tag="035" ind1=" " ind2=" ">
            <subfield code="a">D0094787</subfield>
        </datafield>
        <datafield tag="035" ind1=" " ind2=" ">
            <subfield code="a">(DHL)300186</subfield>
        </datafield>
        <datafield tag="039" ind1=" " ind2=" ">
            <subfield code="a">DHU</subfield>
        </datafield>
        <datafield tag="040" ind1=" " ind2=" ">
            <subfield code="a">NNUN</subfield>
            <subfield code="b">eng</subfield>
        </datafield>
        <datafield tag="041" ind1=" " ind2=" ">
            <subfield code="a">eng</subfield>
        </datafield>
        <datafield tag="049" ind1=" " ind2=" ">
            <subfield code="a">irq</subfield>
        </datafield>
        <datafield tag="089" ind1=" " ind2=" ">
            <subfield code="a">Miscellaneous (UN)</subfield>
            <subfield code="b">B19</subfield>
        </datafield>
        <datafield tag="091" ind1=" " ind2=" ">
            <subfield code="a">LTD</subfield>
        </datafield>
        <datafield tag="099" ind1=" " ind2=" ">
            <subfield code="a">UNH</subfield>
            <subfield code="b">DHU</subfield>
        </datafield>
        <datafield tag="191" ind1=" " ind2=" ">
            <subfield code="0">943914</subfield>
            <subfield code="a">E/ECWA/SDHS/CONF.3/1</subfield>
            <subfield code="b">E/ECWA/SDHS/CONF.3/</subfield>
            <subfield code="c">1979</subfield>
            <subfield code="d">E/ECWA/SDHS/CONF.3/</subfield>
            <subfield code="e">1</subfield>
            <subfield code="q">EECWASDHSCONF31</subfield>
            <subfield code="r">EECWASDHSCONF31979</subfield>
        </datafield>
        <datafield tag="245" ind1="1" ind2="0">
            <subfield code="a">Provisional agenda :</subfield>
            <subfield code="b">Economic Commission for Western Asia, Regional Meeting on Human Settlements Finance and Management sponsored by United Nations Centre for Human Settlements (Habitat) the Government of th United Arab Emirates, Al-Ain, 25-29 November 1979.</subfield>
        </datafield>
        <datafield tag="260" ind1=" " ind2=" ">
            <subfield code="a">[Baghdad] :</subfield>
            <subfield code="b">UN,</subfield>
            <subfield code="c">15 Nov. 1979.</subfield>
        </datafield>
        <datafield tag="269" ind1=" " ind2=" ">
            <subfield code="a">19791115</subfield>
        </datafield>
        <datafield tag="300" ind1=" " ind2=" ">
            <subfield code="a">2 p.</subfield>
        </datafield>
        <datafield tag="611" ind1="2" ind2="7">
            <subfield code="0">994815</subfield>
            <subfield code="a">REGIONAL MEETING ON HUMAN SETTLEMENTS FINANCE AND MANAGEMENT (1979 : AL-AIN, UNITED ARAB EMIRATES)</subfield>
            <subfield code="g">AGENDA.</subfield>
        </datafield>
        <datafield tag="650" ind1="0" ind2="7">
            <subfield code="0">1282521</subfield>
            <subfield code="a">AGENDA</subfield>
        </datafield>
        <datafield tag="930" ind1=" " ind2=" ">
            <subfield code="a">UND</subfield>
        </datafield>
        <datafield tag="955" ind1=" " ind2=" ">
            <subfield code="a">13729900</subfield>
        </datafield>
        <datafield tag="980" ind1=" " ind2=" ">
            <subfield code="a">BIB</subfield>
        </datafield>
        <datafield tag="989" ind1=" " ind2=" ">
            <subfield code="a">Documents and Publications</subfield>
        </datafield>
        <datafield tag="998" ind1=" " ind2=" ">
            <subfield code="a">19961226190000</subfield>
            <subfield code="c">20090330100800</subfield>
            <subfield code="d">vwcat2</subfield>
        </datafield>
    </record>