

    
    <record>
        <controlfield tag="001">123973</controlfield>
        <controlfield tag="000">01056nam\\2200349#\\4500</controlfield>
        <controlfield tag="005">20170412235141.0</controlfield>
        <controlfield tag="008">861212s1984\\\\irq\\\\\r\\\\\\\\\\\eng\u</controlfield>
        <datafield tag="035" ind1=" " ind2=" ">
            <subfield code="a">D0081797</subfield>
        </datafield>
        <datafield tag="035" ind1=" " ind2=" ">
            <subfield code="a">(DHL)248315</subfield>
        </datafield>
        <datafield tag="039" ind1=" " ind2=" ">
            <subfield code="a">DHU</subfield>
        </datafield>
        <datafield tag="040" ind1=" " ind2=" ">
            <subfield code="a">NNUN</subfield>
            <subfield code="b">eng</subfield>
        </datafield>
        <datafield tag="041" ind1=" " ind2=" ">
            <subfield code="a">araeng</subfield>
        </datafield>
        <datafield tag="049" ind1=" " ind2=" ">
            <subfield code="a">irq</subfield>
        </datafield>
        <datafield tag="089" ind1=" " ind2=" ">
            <subfield code="a">Reports/studies</subfield>
            <subfield code="b">B16</subfield>
        </datafield>
        <datafield tag="091" ind1=" " ind2=" ">
            <subfield code="a">GEN</subfield>
        </datafield>
        <datafield tag="099" ind1=" " ind2=" ">
            <subfield code="a">UNH</subfield>
            <subfield code="b">DHU</subfield>
        </datafield>
        <datafield tag="191" ind1=" " ind2=" ">
            <subfield code="0">954438</subfield>
            <subfield code="a">E/ECWA/TCT/84/4</subfield>
            <subfield code="b">E/ECWA/TCT/</subfield>
            <subfield code="d">E/ECWA/TCT/</subfield>
            <subfield code="e">84/4</subfield>
            <subfield code="f">006481</subfield>
            <subfield code="q">EECWATCT844</subfield>
            <subfield code="r">EECWATCT</subfield>
        </datafield>
        <datafield tag="245" ind1="1" ind2="0">
            <subfield code="a">Legal aspects on the facilitation of transit and customs formalities in the countries of Western Asia :</subfield>
            <subfield code="b">a study in customs transit /</subfield>
            <subfield code="c">by Abdul Rahman El-Kawakebi.</subfield>
        </datafield>
        <datafield tag="260" ind1=" " ind2=" ">
            <subfield code="a">[Baghdad] :</subfield>
            <subfield code="b">UN,</subfield>
            <subfield code="c">15 Dec. 1985.</subfield>
        </datafield>
        <datafield tag="269" ind1=" " ind2=" ">
            <subfield code="a">19841215</subfield>
        </datafield>
        <datafield tag="300" ind1=" " ind2=" ">
            <subfield code="a">45 p.</subfield>
        </datafield>
        <datafield tag="650" ind1="0" ind2="7">
            <subfield code="0">1279728</subfield>
            <subfield code="a">TRANSPORT FACILITATION</subfield>
        </datafield>
        <datafield tag="650" ind1="0" ind2="7">
            <subfield code="0">1279922</subfield>
            <subfield code="a">TRANSIT</subfield>
        </datafield>
        <datafield tag="650" ind1="0" ind2="7">
            <subfield code="0">1280034</subfield>
            <subfield code="a">CUSTOMS FORMALITIES</subfield>
        </datafield>
        <datafield tag="650" ind1="0" ind2="7">
            <subfield code="0">1282550</subfield>
            <subfield code="a">LAWS AND REGULATIONS</subfield>
        </datafield>
        <datafield tag="650" ind1="0" ind2="7">
            <subfield code="0">1283202</subfield>
            <subfield code="a">COMPARATIVE ANALYSIS</subfield>
        </datafield>
        <datafield tag="650" ind1="0" ind2="7">
            <subfield code="0">1282718</subfield>
            <subfield code="a">RECOMMENDATIONS</subfield>
        </datafield>
        <datafield tag="650" ind1="0" ind2="7">
            <subfield code="0">1279723</subfield>
            <subfield code="a">TRANSIT CONVENTIONS</subfield>
        </datafield>
        <datafield tag="651" ind1="0" ind2="7">
            <subfield code="0">1282273</subfield>
            <subfield code="a">WESTERN ASIA</subfield>
        </datafield>
        <datafield tag="700" ind1="1" ind2=" ">
            <subfield code="0">984358</subfield>
            <subfield code="a">El-Kawakebi, Abdul Rahman.</subfield>
        </datafield>
        <datafield tag="856" ind1="4" ind2=" ">
            <subfield code="s">3671499</subfield>
            <subfield code="u">http://digitallibrary.un.org/record/123973/files/E_ECWA_TCT_84_4-AR.pdf</subfield>
            <subfield code="y">العربية</subfield>
        </datafield>
        <datafield tag="856" ind1="4" ind2=" ">
            <subfield code="s">6600214</subfield>
            <subfield code="u">http://digitallibrary.un.org/record/123973/files/E_ECWA_TCT_84_4-EN.pdf</subfield>
            <subfield code="y">English</subfield>
        </datafield>
        <datafield tag="930" ind1=" " ind2=" ">
            <subfield code="a">UNDAPR87</subfield>
        </datafield>
        <datafield tag="955" ind1=" " ind2=" ">
            <subfield code="a">13735200</subfield>
        </datafield>
        <datafield tag="980" ind1=" " ind2=" ">
            <subfield code="a">BIB</subfield>
        </datafield>
        <datafield tag="989" ind1=" " ind2=" ">
            <subfield code="a">Documents and Publications</subfield>
        </datafield>
        <datafield tag="998" ind1=" " ind2=" ">
            <subfield code="a">19961224190000</subfield>
            <subfield code="c">20080826114100</subfield>
            <subfield code="d">nccat</subfield>
        </datafield>
    </record>