

    
    <record>
        <controlfield tag="001">122784</controlfield>
        <controlfield tag="000">01023nam\\2200265#\\4500</controlfield>
        <controlfield tag="005">20170412235137.0</controlfield>
        <controlfield tag="008">861114s1985\\\\irq\\\\\r\\\\\\\\\\\eng\u</controlfield>
        <datafield tag="035" ind1=" " ind2=" ">
            <subfield code="a">D0080486</subfield>
        </datafield>
        <datafield tag="035" ind1=" " ind2=" ">
            <subfield code="a">(DHL)247126</subfield>
        </datafield>
        <datafield tag="039" ind1=" " ind2=" ">
            <subfield code="a">DHU</subfield>
        </datafield>
        <datafield tag="040" ind1=" " ind2=" ">
            <subfield code="a">NNUN</subfield>
            <subfield code="b">eng</subfield>
        </datafield>
        <datafield tag="041" ind1=" " ind2=" ">
            <subfield code="a">eng</subfield>
        </datafield>
        <datafield tag="049" ind1=" " ind2=" ">
            <subfield code="a">irq</subfield>
        </datafield>
        <datafield tag="089" ind1=" " ind2=" ">
            <subfield code="a">Miscellaneous (UN)</subfield>
            <subfield code="b">B19</subfield>
        </datafield>
        <datafield tag="091" ind1=" " ind2=" ">
            <subfield code="a">GEN</subfield>
        </datafield>
        <datafield tag="099" ind1=" " ind2=" ">
            <subfield code="a">UNH</subfield>
            <subfield code="b">DHU</subfield>
        </datafield>
        <datafield tag="191" ind1=" " ind2=" ">
            <subfield code="0">981794</subfield>
            <subfield code="a">E/ECWA/UNCTC/85/IG.1/L.1</subfield>
            <subfield code="b">E/ECWA/UNCTC/85/IG.1/</subfield>
            <subfield code="c">1985</subfield>
            <subfield code="d">E/ECWA/UNCTC/85/IG.1/</subfield>
            <subfield code="e">L.1</subfield>
            <subfield code="f">006490</subfield>
            <subfield code="q">EECWAUNCTC85IG1L1</subfield>
            <subfield code="r">EECWAUNCTC85IG11985</subfield>
        </datafield>
        <datafield tag="245" ind1="1" ind2="0">
            <subfield code="a">Provisional agenda :</subfield>
            <subfield code="b">Regional Intergovernmental Meeting of the Countries of Western Asia on the United Nations Draft Code of Conduct on Transnational Corporations, 18-19 November 1985, Baghdad.</subfield>
        </datafield>
        <datafield tag="260" ind1=" " ind2=" ">
            <subfield code="a">[Baghdad] :</subfield>
            <subfield code="b">UN,</subfield>
            <subfield code="c">30 Sept. 1985.</subfield>
        </datafield>
        <datafield tag="269" ind1=" " ind2=" ">
            <subfield code="a">19850930</subfield>
        </datafield>
        <datafield tag="300" ind1=" " ind2=" ">
            <subfield code="a">[1] p.</subfield>
        </datafield>
        <datafield tag="611" ind1="2" ind2="7">
            <subfield code="0">984107</subfield>
            <subfield code="a">REGIONAL INTERGOVERNMENTAL MEETING OF THE COUNTRIES OF WESTERN ASIA ON THE UNITED NATIONS CODE OF CONDUCT ON TRANSNATIONAL CORPORATIONS (1985 : BAGHDAD)</subfield>
            <subfield code="g">AGENDA.</subfield>
        </datafield>
        <datafield tag="650" ind1="0" ind2="7">
            <subfield code="0">1282521</subfield>
            <subfield code="a">AGENDA</subfield>
        </datafield>
        <datafield tag="930" ind1=" " ind2=" ">
            <subfield code="a">UNDJAN87</subfield>
        </datafield>
        <datafield tag="955" ind1=" " ind2=" ">
            <subfield code="a">13736700</subfield>
        </datafield>
        <datafield tag="980" ind1=" " ind2=" ">
            <subfield code="a">BIB</subfield>
        </datafield>
        <datafield tag="989" ind1=" " ind2=" ">
            <subfield code="a">Documents and Publications</subfield>
        </datafield>
        <datafield tag="998" ind1=" " ind2=" ">
            <subfield code="a">19961224190000</subfield>
            <subfield code="c">19961224190000</subfield>
        </datafield>
    </record>