

    
    <record>
        <controlfield tag="001">121855</controlfield>
        <controlfield tag="000">01257nam\\2200373#\\4500</controlfield>
        <controlfield tag="005">20170412225533.0</controlfield>
        <controlfield tag="008">861030s1985\\\\irq\\\\\r\\\\\\\\\\\eng\u</controlfield>
        <datafield tag="035" ind1=" " ind2=" ">
            <subfield code="a">D0079615</subfield>
        </datafield>
        <datafield tag="035" ind1=" " ind2=" ">
            <subfield code="a">(DHL)246197</subfield>
        </datafield>
        <datafield tag="039" ind1=" " ind2=" ">
            <subfield code="a">DHU</subfield>
        </datafield>
        <datafield tag="040" ind1=" " ind2=" ">
            <subfield code="a">NNUN</subfield>
            <subfield code="b">eng</subfield>
        </datafield>
        <datafield tag="041" ind1=" " ind2=" ">
            <subfield code="a">engmulara</subfield>
        </datafield>
        <datafield tag="049" ind1=" " ind2=" ">
            <subfield code="a">irq</subfield>
        </datafield>
        <datafield tag="089" ind1=" " ind2=" ">
            <subfield code="a">Reports/studies</subfield>
            <subfield code="b">B16</subfield>
        </datafield>
        <datafield tag="091" ind1=" " ind2=" ">
            <subfield code="a">LTD</subfield>
        </datafield>
        <datafield tag="099" ind1=" " ind2=" ">
            <subfield code="a">UNH</subfield>
            <subfield code="b">DHU</subfield>
        </datafield>
        <datafield tag="191" ind1=" " ind2=" ">
            <subfield code="0">958073</subfield>
            <subfield code="a">E/ECWA/STAT/85/9</subfield>
            <subfield code="b">E/ECWA/STAT/</subfield>
            <subfield code="d">E/ECWA/STAT/</subfield>
            <subfield code="e">85/9</subfield>
            <subfield code="f">006478</subfield>
            <subfield code="q">EECWASTAT859</subfield>
            <subfield code="r">EECWASTAT</subfield>
        </datafield>
        <datafield tag="245" ind1="1" ind2="0">
            <subfield code="a">[Report on the visit to the Central Statistical Office, Aden, People's Democratic Republic of Yemen, 20-27 February 1985] /</subfield>
            <subfield code="c">prepared by 'Abdallah al-Sa'id Tulbah Al-Najar.</subfield>
        </datafield>
        <datafield tag="260" ind1=" " ind2=" ">
            <subfield code="a">[Baghdad :</subfield>
            <subfield code="b">UN,</subfield>
            <subfield code="c">19 Mar. 1985]</subfield>
        </datafield>
        <datafield tag="269" ind1=" " ind2=" ">
            <subfield code="a">19850319</subfield>
        </datafield>
        <datafield tag="300" ind1=" " ind2=" ">
            <subfield code="a">iv, 51 p. :</subfield>
            <subfield code="b">chart, tables.</subfield>
        </datafield>
        <datafield tag="500" ind1=" " ind2=" ">
            <subfield code="a">Title in Arabic only; translated title; text in Arabic and English.</subfield>
        </datafield>
        <datafield tag="610" ind1="2" ind2="7">
            <subfield code="0">864726</subfield>
            <subfield code="a">People's Democratic Republic of Yemen. Jihaz al-Markazi lil-Ihsaa'</subfield>
        </datafield>
        <datafield tag="650" ind1="0" ind2="7">
            <subfield code="0">1278547</subfield>
            <subfield code="a">STATISTICAL SERVICES</subfield>
        </datafield>
        <datafield tag="650" ind1="0" ind2="7">
            <subfield code="0">1281664</subfield>
            <subfield code="a">INFORMATION SYSTEMS</subfield>
        </datafield>
        <datafield tag="650" ind1="0" ind2="7">
            <subfield code="0">1281781</subfield>
            <subfield code="a">COMPUTER CENTRES</subfield>
        </datafield>
        <datafield tag="650" ind1="0" ind2="7">
            <subfield code="0">1278548</subfield>
            <subfield code="a">STATISTICS</subfield>
        </datafield>
        <datafield tag="650" ind1="0" ind2="7">
            <subfield code="0">1283066</subfield>
            <subfield code="a">STATISTICAL DATA</subfield>
        </datafield>
        <datafield tag="650" ind1="0" ind2="7">
            <subfield code="0">1281794</subfield>
            <subfield code="a">DATA PROCESSING</subfield>
        </datafield>
        <datafield tag="650" ind1="0" ind2="7">
            <subfield code="0">1282700</subfield>
            <subfield code="a">COMPUTER APPLICATIONS</subfield>
        </datafield>
        <datafield tag="651" ind1="0" ind2="7">
            <subfield code="0">1282260</subfield>
            <subfield code="a">DEMOCRATIC YEMEN</subfield>
        </datafield>
        <datafield tag="700" ind1="1" ind2=" ">
            <subfield code="0">975096</subfield>
            <subfield code="a">al-Najar, 'Abdallah al-Sa'id Tulbah.</subfield>
        </datafield>
        <datafield tag="856" ind1="4" ind2=" ">
            <subfield code="s">3962464</subfield>
            <subfield code="u">http://digitallibrary.un.org/record/121855/files/E_ECWA_STAT_85_9-AR.pdf</subfield>
            <subfield code="y">العربية</subfield>
        </datafield>
        <datafield tag="930" ind1=" " ind2=" ">
            <subfield code="a">UNDJAN87</subfield>
        </datafield>
        <datafield tag="955" ind1=" " ind2=" ">
            <subfield code="a">13733300</subfield>
        </datafield>
        <datafield tag="980" ind1=" " ind2=" ">
            <subfield code="a">BIB</subfield>
        </datafield>
        <datafield tag="989" ind1=" " ind2=" ">
            <subfield code="a">Documents and Publications</subfield>
            <subfield code="b">Reports</subfield>
        </datafield>
        <datafield tag="998" ind1=" " ind2=" ">
            <subfield code="a">19961224190000</subfield>
            <subfield code="c">20090504115400</subfield>
            <subfield code="d">amcat</subfield>
        </datafield>
    </record>