

    
    <record>
        <controlfield tag="001">95873</controlfield>
        <controlfield tag="000">00857nam\\2200277#\\4500</controlfield>
        <controlfield tag="005">20170412235013.0</controlfield>
        <controlfield tag="008">861202s1979\\\\lbn\\\\\r\\\\\\\\\\\eng\u</controlfield>
        <datafield tag="035" ind1=" " ind2=" ">
            <subfield code="a">D0081185</subfield>
        </datafield>
        <datafield tag="035" ind1=" " ind2=" ">
            <subfield code="a">(DHL)211248</subfield>
        </datafield>
        <datafield tag="039" ind1=" " ind2=" ">
            <subfield code="a">DHU</subfield>
        </datafield>
        <datafield tag="040" ind1=" " ind2=" ">
            <subfield code="a">NNUN</subfield>
            <subfield code="b">eng</subfield>
        </datafield>
        <datafield tag="041" ind1=" " ind2=" ">
            <subfield code="a">eng</subfield>
        </datafield>
        <datafield tag="049" ind1=" " ind2=" ">
            <subfield code="a">lbn</subfield>
        </datafield>
        <datafield tag="089" ind1=" " ind2=" ">
            <subfield code="a">Miscellaneous (UN)</subfield>
            <subfield code="b">B19</subfield>
        </datafield>
        <datafield tag="091" ind1=" " ind2=" ">
            <subfield code="a">LTD</subfield>
        </datafield>
        <datafield tag="099" ind1=" " ind2=" ">
            <subfield code="a">UNH</subfield>
            <subfield code="b">DHU</subfield>
        </datafield>
        <datafield tag="191" ind1=" " ind2=" ">
            <subfield code="0">944050</subfield>
            <subfield code="a">E/ECWA/POP/CONF.3/WP.4</subfield>
            <subfield code="b">E/ECWA/POP/CONF.3/</subfield>
            <subfield code="c">1979</subfield>
            <subfield code="q">EECWAPOPCONF3WP4</subfield>
            <subfield code="r">EECWAPOPCONF31979</subfield>
        </datafield>
        <datafield tag="245" ind1="1" ind2="4">
            <subfield code="a">The role and nature of CEDOR contribution to training, particularly of Arab demographers :</subfield>
            <subfield code="b">problems and prospects /</subfield>
            <subfield code="c">by Mohammed Mazouz.</subfield>
        </datafield>
        <datafield tag="260" ind1=" " ind2=" ">
            <subfield code="a">[Beirut] :</subfield>
            <subfield code="b">UN,</subfield>
            <subfield code="c">8 Nov. 1979.</subfield>
        </datafield>
        <datafield tag="269" ind1=" " ind2=" ">
            <subfield code="a">19791108</subfield>
        </datafield>
        <datafield tag="300" ind1=" " ind2=" ">
            <subfield code="a">11 p. :</subfield>
            <subfield code="b">tables.</subfield>
        </datafield>
        <datafield tag="610" ind1="2" ind2="7">
            <subfield code="0">955637</subfield>
            <subfield code="a">CENTRE DEMOGRAPHIQUE ONU-ROMANIA.</subfield>
        </datafield>
        <datafield tag="650" ind1="0" ind2="7">
            <subfield code="0">1280130</subfield>
            <subfield code="a">POPULATION POLICY</subfield>
        </datafield>
        <datafield tag="650" ind1="0" ind2="7">
            <subfield code="0">1279381</subfield>
            <subfield code="a">TECHNICAL TRAINING</subfield>
        </datafield>
        <datafield tag="700" ind1="1" ind2="0">
            <subfield code="0">975188</subfield>
            <subfield code="a">Mazouz, Mohammed.</subfield>
        </datafield>
        <datafield tag="930" ind1=" " ind2=" ">
            <subfield code="a">UND</subfield>
        </datafield>
        <datafield tag="955" ind1=" " ind2=" ">
            <subfield code="a">13722600</subfield>
        </datafield>
        <datafield tag="980" ind1=" " ind2=" ">
            <subfield code="a">BIB</subfield>
        </datafield>
        <datafield tag="989" ind1=" " ind2=" ">
            <subfield code="a">Documents and Publications</subfield>
        </datafield>
        <datafield tag="998" ind1=" " ind2=" ">
            <subfield code="a">19961223190000</subfield>
            <subfield code="c">20090330094300</subfield>
            <subfield code="d">vwcat2</subfield>
        </datafield>
    </record>