

    
    <record>
        <controlfield tag="001">95868</controlfield>
        <controlfield tag="000">00936nam\\2200337#\\4500</controlfield>
        <controlfield tag="005">20170412235013.0</controlfield>
        <controlfield tag="008">861202s1979\\\\lbn\\\\\r\\\\\\\\\\\eng\u</controlfield>
        <datafield tag="035" ind1=" " ind2=" ">
            <subfield code="a">D0081179</subfield>
        </datafield>
        <datafield tag="035" ind1=" " ind2=" ">
            <subfield code="a">(DHL)211243</subfield>
        </datafield>
        <datafield tag="039" ind1=" " ind2=" ">
            <subfield code="a">DHU</subfield>
        </datafield>
        <datafield tag="040" ind1=" " ind2=" ">
            <subfield code="a">NNUN</subfield>
            <subfield code="b">eng</subfield>
        </datafield>
        <datafield tag="041" ind1=" " ind2=" ">
            <subfield code="a">eng</subfield>
        </datafield>
        <datafield tag="049" ind1=" " ind2=" ">
            <subfield code="a">lbn</subfield>
        </datafield>
        <datafield tag="089" ind1=" " ind2=" ">
            <subfield code="a">Miscellaneous (UN)</subfield>
            <subfield code="b">B19</subfield>
        </datafield>
        <datafield tag="091" ind1=" " ind2=" ">
            <subfield code="a">LTD</subfield>
        </datafield>
        <datafield tag="099" ind1=" " ind2=" ">
            <subfield code="a">UNH</subfield>
            <subfield code="b">DHU</subfield>
        </datafield>
        <datafield tag="191" ind1=" " ind2=" ">
            <subfield code="0">944050</subfield>
            <subfield code="a">E/ECWA/POP/CONF.3/WP.9</subfield>
            <subfield code="b">E/ECWA/POP/CONF.3/</subfield>
            <subfield code="c">1979</subfield>
            <subfield code="q">EECWAPOPCONF3WP9</subfield>
            <subfield code="r">EECWAPOPCONF31979</subfield>
        </datafield>
        <datafield tag="245" ind1="1" ind2="0">
            <subfield code="a">Family planning and family welfare /</subfield>
            <subfield code="c">by Adnan M. Mroueh, M.D.</subfield>
        </datafield>
        <datafield tag="260" ind1=" " ind2=" ">
            <subfield code="a">[Beirut] :</subfield>
            <subfield code="b">UN,</subfield>
            <subfield code="c">10 Nov. 1979.</subfield>
        </datafield>
        <datafield tag="269" ind1=" " ind2=" ">
            <subfield code="a">19791110</subfield>
        </datafield>
        <datafield tag="300" ind1=" " ind2=" ">
            <subfield code="a">9, i p.</subfield>
        </datafield>
        <datafield tag="500" ind1=" " ind2=" ">
            <subfield code="a">Includes bibliographical references.</subfield>
        </datafield>
        <datafield tag="650" ind1="0" ind2="7">
            <subfield code="0">1280159</subfield>
            <subfield code="a">FAMILY PLANNING</subfield>
        </datafield>
        <datafield tag="650" ind1="0" ind2="7">
            <subfield code="0">1281302</subfield>
            <subfield code="a">FAMILY WELFARE</subfield>
        </datafield>
        <datafield tag="650" ind1="0" ind2="7">
            <subfield code="0">1280070</subfield>
            <subfield code="a">DEMOGRAPHIC STATISTICS</subfield>
        </datafield>
        <datafield tag="650" ind1="0" ind2="7">
            <subfield code="0">1283066</subfield>
            <subfield code="a">STATISTICAL DATA</subfield>
        </datafield>
        <datafield tag="650" ind1="0" ind2="7">
            <subfield code="0">1280093</subfield>
            <subfield code="a">INFANT MORTALITY</subfield>
        </datafield>
        <datafield tag="650" ind1="0" ind2="7">
            <subfield code="0">1280486</subfield>
            <subfield code="a">HEALTH SERVICES</subfield>
        </datafield>
        <datafield tag="651" ind1="0" ind2="7">
            <subfield code="0">1282273</subfield>
            <subfield code="a">WESTERN ASIA</subfield>
        </datafield>
        <datafield tag="700" ind1="1" ind2="0">
            <subfield code="0">975184</subfield>
            <subfield code="a">Mroueh, Adnan M.</subfield>
        </datafield>
        <datafield tag="930" ind1=" " ind2=" ">
            <subfield code="a">UND</subfield>
        </datafield>
        <datafield tag="955" ind1=" " ind2=" ">
            <subfield code="a">13723100</subfield>
        </datafield>
        <datafield tag="980" ind1=" " ind2=" ">
            <subfield code="a">BIB</subfield>
        </datafield>
        <datafield tag="989" ind1=" " ind2=" ">
            <subfield code="a">Documents and Publications</subfield>
        </datafield>
        <datafield tag="998" ind1=" " ind2=" ">
            <subfield code="a">19961223190000</subfield>
            <subfield code="c">20090330094300</subfield>
            <subfield code="d">vwcat2</subfield>
        </datafield>
    </record>