

    
    <record>
        <controlfield tag="001">94907</controlfield>
        <controlfield tag="000">01035nam\\2200313#\\4500</controlfield>
        <controlfield tag="005">20170412235011.0</controlfield>
        <controlfield tag="008">861106s1984\\\\irq\\\\\r\\\\\\\\\\\ara\u</controlfield>
        <datafield tag="035" ind1=" " ind2=" ">
            <subfield code="a">D0080045</subfield>
        </datafield>
        <datafield tag="035" ind1=" " ind2=" ">
            <subfield code="a">(DHL)209937</subfield>
        </datafield>
        <datafield tag="039" ind1=" " ind2=" ">
            <subfield code="a">DHU</subfield>
        </datafield>
        <datafield tag="040" ind1=" " ind2=" ">
            <subfield code="a">NNUN</subfield>
            <subfield code="b">eng</subfield>
        </datafield>
        <datafield tag="041" ind1=" " ind2=" ">
            <subfield code="a">ara</subfield>
        </datafield>
        <datafield tag="049" ind1=" " ind2=" ">
            <subfield code="a">irq</subfield>
        </datafield>
        <datafield tag="089" ind1=" " ind2=" ">
            <subfield code="a">Miscellaneous (UN)</subfield>
            <subfield code="b">B19</subfield>
        </datafield>
        <datafield tag="091" ind1=" " ind2=" ">
            <subfield code="a">GEN</subfield>
        </datafield>
        <datafield tag="099" ind1=" " ind2=" ">
            <subfield code="a">UNH</subfield>
            <subfield code="b">DHU</subfield>
        </datafield>
        <datafield tag="191" ind1=" " ind2=" ">
            <subfield code="0">974001</subfield>
            <subfield code="a">E/ECWA/FAO/84/WG.1/9</subfield>
            <subfield code="b">E/ECWA/FAO/84/WG.1/</subfield>
            <subfield code="c">1984</subfield>
            <subfield code="q">EECWAFAO84WG19</subfield>
            <subfield code="r">EECWAFAO84WG11984</subfield>
        </datafield>
        <datafield tag="245" ind1="1" ind2="0">
            <subfield code="a">Research on the means of collecting agricultural statistics in the Syrian Arab Republic /</subfield>
            <subfield code="c">prepared at the request of ECWA/FAO by 'Abdel Raziq Farid al-Maliki.</subfield>
        </datafield>
        <datafield tag="260" ind1=" " ind2=" ">
            <subfield code="a">[Baghdad] :</subfield>
            <subfield code="b">UN,</subfield>
            <subfield code="c">[4 Nov. 1984]</subfield>
        </datafield>
        <datafield tag="269" ind1=" " ind2=" ">
            <subfield code="a">19841104</subfield>
        </datafield>
        <datafield tag="300" ind1=" " ind2=" ">
            <subfield code="a">iii, 91 p. :</subfield>
            <subfield code="b">tables.</subfield>
        </datafield>
        <datafield tag="500" ind1=" " ind2=" ">
            <subfield code="a">Title and text in Arabic only; translated title.</subfield>
        </datafield>
        <datafield tag="650" ind1="0" ind2="7">
            <subfield code="0">1279039</subfield>
            <subfield code="a">AGRICULTURAL STATISTICS</subfield>
        </datafield>
        <datafield tag="650" ind1="0" ind2="7">
            <subfield code="0">1279008</subfield>
            <subfield code="a">AGRICULTURAL ADMINISTRATION</subfield>
        </datafield>
        <datafield tag="650" ind1="0" ind2="7">
            <subfield code="0">1279024</subfield>
            <subfield code="a">AGRICULTURAL INFORMATION</subfield>
        </datafield>
        <datafield tag="650" ind1="0" ind2="7">
            <subfield code="0">1282813</subfield>
            <subfield code="a">AGRICULTURAL LAND</subfield>
        </datafield>
        <datafield tag="651" ind1="0" ind2="7">
            <subfield code="0">1282270</subfield>
            <subfield code="a">SYRIAN ARAB REPUBLIC</subfield>
        </datafield>
        <datafield tag="700" ind1="1" ind2=" ">
            <subfield code="0">975095</subfield>
            <subfield code="a">al-Maliki, 'Abd al-Raziq Farid.</subfield>
        </datafield>
        <datafield tag="930" ind1=" " ind2=" ">
            <subfield code="a">UND</subfield>
        </datafield>
        <datafield tag="955" ind1=" " ind2=" ">
            <subfield code="a">13710400</subfield>
        </datafield>
        <datafield tag="980" ind1=" " ind2=" ">
            <subfield code="a">BIB</subfield>
        </datafield>
        <datafield tag="989" ind1=" " ind2=" ">
            <subfield code="a">Documents and Publications</subfield>
        </datafield>
        <datafield tag="998" ind1=" " ind2=" ">
            <subfield code="a">19961223190000</subfield>
            <subfield code="c">20090327075800</subfield>
            <subfield code="d">vwcat2</subfield>
        </datafield>
        <datafield tag="999" ind1=" " ind2=" ">
            <subfield code="a">vwu20090327</subfield>
            <subfield code="b">20090327</subfield>
            <subfield code="c">u</subfield>
        </datafield>
    </record>