

    
    <record>
        <controlfield tag="001">94867</controlfield>
        <controlfield tag="000">01089nam\\2200373#\\4500</controlfield>
        <controlfield tag="005">20170412235011.0</controlfield>
        <controlfield tag="008">861031s1984\\\\irq\\\\\r\\\\\\\\\\\ara\u</controlfield>
        <datafield tag="035" ind1=" " ind2=" ">
            <subfield code="a">D0079568</subfield>
        </datafield>
        <datafield tag="035" ind1=" " ind2=" ">
            <subfield code="a">(DHL)209897</subfield>
        </datafield>
        <datafield tag="039" ind1=" " ind2=" ">
            <subfield code="a">DHU</subfield>
        </datafield>
        <datafield tag="040" ind1=" " ind2=" ">
            <subfield code="a">NNUN</subfield>
            <subfield code="b">eng</subfield>
        </datafield>
        <datafield tag="041" ind1=" " ind2=" ">
            <subfield code="a">ara</subfield>
        </datafield>
        <datafield tag="049" ind1=" " ind2=" ">
            <subfield code="a">irq</subfield>
        </datafield>
        <datafield tag="069" ind1=" " ind2=" ">
            <subfield code="a">HUR</subfield>
            <subfield code="b">0705</subfield>
        </datafield>
        <datafield tag="089" ind1=" " ind2=" ">
            <subfield code="a">Reports/studies</subfield>
            <subfield code="b">B16</subfield>
        </datafield>
        <datafield tag="091" ind1=" " ind2=" ">
            <subfield code="a">GEN</subfield>
        </datafield>
        <datafield tag="099" ind1=" " ind2=" ">
            <subfield code="a">UNH</subfield>
            <subfield code="b">DHU</subfield>
        </datafield>
        <datafield tag="191" ind1=" " ind2=" ">
            <subfield code="0">1057185</subfield>
            <subfield code="a">E/ECWA/SDP/84/SEM.1/6</subfield>
            <subfield code="b">E/ECWA/SDP/84/SEM.1/</subfield>
            <subfield code="c">1984</subfield>
            <subfield code="q">EECWASDP84SEM16</subfield>
            <subfield code="r">EECWASDP84SEM11984</subfield>
        </datafield>
        <datafield tag="245" ind1="1" ind2="0">
            <subfield code="a">Women and development :</subfield>
            <subfield code="b">study on the condition of women in the Arab Republic of Egypt.</subfield>
        </datafield>
        <datafield tag="260" ind1=" " ind2=" ">
            <subfield code="a">[Baghdad] :</subfield>
            <subfield code="b">UN,</subfield>
            <subfield code="c">5 Nov. 1984.</subfield>
        </datafield>
        <datafield tag="269" ind1=" " ind2=" ">
            <subfield code="a">19841105</subfield>
        </datafield>
        <datafield tag="300" ind1=" " ind2=" ">
            <subfield code="a">63 p. :</subfield>
            <subfield code="b">tables.</subfield>
        </datafield>
        <datafield tag="500" ind1=" " ind2=" ">
            <subfield code="a">Title and text in Arabic only; translated title.</subfield>
        </datafield>
        <datafield tag="500" ind1=" " ind2=" ">
            <subfield code="a">Prepared by Rashad Muhammed al-Safti.</subfield>
        </datafield>
        <datafield tag="650" ind1="0" ind2="7">
            <subfield code="0">1281013</subfield>
            <subfield code="a">WOMEN IN DEVELOPMENT</subfield>
        </datafield>
        <datafield tag="650" ind1="0" ind2="7">
            <subfield code="0">1281249</subfield>
            <subfield code="a">SOCIAL DEVELOPMENT</subfield>
        </datafield>
        <datafield tag="650" ind1="0" ind2="7">
            <subfield code="0">1283087</subfield>
            <subfield code="a">WOMEN'S ADVANCEMENT</subfield>
        </datafield>
        <datafield tag="650" ind1="0" ind2="7">
            <subfield code="0">1283088</subfield>
            <subfield code="a">WOMEN'S STATUS</subfield>
        </datafield>
        <datafield tag="650" ind1="0" ind2="7">
            <subfield code="0">1280960</subfield>
            <subfield code="a">WOMEN WORKERS</subfield>
        </datafield>
        <datafield tag="650" ind1="0" ind2="7">
            <subfield code="0">1281019</subfield>
            <subfield code="a">WOMEN'S RIGHTS</subfield>
        </datafield>
        <datafield tag="651" ind1="0" ind2="7">
            <subfield code="0">1282088</subfield>
            <subfield code="a">EGYPT</subfield>
        </datafield>
        <datafield tag="700" ind1="1" ind2=" ">
            <subfield code="0">975075</subfield>
            <subfield code="a">al-Safti, Rashad Muhammed.</subfield>
        </datafield>
        <datafield tag="856" ind1="4" ind2=" ">
            <subfield code="s">7627430</subfield>
            <subfield code="u">http://digitallibrary.un.org/record/94867/files/E_ECWA_SDP_84_SEM.1_6-AR.pdf</subfield>
            <subfield code="y">العربية</subfield>
        </datafield>
        <datafield tag="930" ind1=" " ind2=" ">
            <subfield code="a">HUR</subfield>
            <subfield code="b">012823</subfield>
        </datafield>
        <datafield tag="930" ind1=" " ind2=" ">
            <subfield code="a">UND</subfield>
        </datafield>
        <datafield tag="955" ind1=" " ind2=" ">
            <subfield code="a">13732100</subfield>
        </datafield>
        <datafield tag="980" ind1=" " ind2=" ">
            <subfield code="a">BIB</subfield>
        </datafield>
        <datafield tag="989" ind1=" " ind2=" ">
            <subfield code="a">Documents and Publications</subfield>
        </datafield>
        <datafield tag="998" ind1=" " ind2=" ">
            <subfield code="a">19961223190000</subfield>
            <subfield code="c">20110602083700</subfield>
            <subfield code="d">amcat</subfield>
        </datafield>
        <datafield tag="999" ind1=" " ind2=" ">
            <subfield code="a">vwu20090330</subfield>
            <subfield code="b">20090330</subfield>
            <subfield code="c">u</subfield>
        </datafield>
    </record>