

    
    <record>
        <controlfield tag="001">94845</controlfield>
        <controlfield tag="000">01252nam\\2200361#\\4500</controlfield>
        <controlfield tag="005">20170412235011.0</controlfield>
        <controlfield tag="008">861030s1984\\\\irq\\\\\r\\\\\\\\\\\ara\u</controlfield>
        <datafield tag="035" ind1=" " ind2=" ">
            <subfield code="a">D0079616</subfield>
        </datafield>
        <datafield tag="035" ind1=" " ind2=" ">
            <subfield code="a">(DHL)209875</subfield>
        </datafield>
        <datafield tag="039" ind1=" " ind2=" ">
            <subfield code="a">DHU</subfield>
        </datafield>
        <datafield tag="040" ind1=" " ind2=" ">
            <subfield code="a">NNUN</subfield>
            <subfield code="b">eng</subfield>
        </datafield>
        <datafield tag="041" ind1=" " ind2=" ">
            <subfield code="a">ara</subfield>
        </datafield>
        <datafield tag="049" ind1=" " ind2=" ">
            <subfield code="a">irq</subfield>
        </datafield>
        <datafield tag="089" ind1=" " ind2=" ">
            <subfield code="a">Miscellaneous (UN)</subfield>
            <subfield code="b">B19</subfield>
        </datafield>
        <datafield tag="091" ind1=" " ind2=" ">
            <subfield code="a">GEN</subfield>
        </datafield>
        <datafield tag="099" ind1=" " ind2=" ">
            <subfield code="a">UNH</subfield>
            <subfield code="b">DHU</subfield>
        </datafield>
        <datafield tag="191" ind1=" " ind2=" ">
            <subfield code="0">975028</subfield>
            <subfield code="a">E/ECWA/SDP/84/WG.4/5</subfield>
            <subfield code="b">E/ECWA/SDP/84/WG.4/</subfield>
            <subfield code="c">1984</subfield>
            <subfield code="q">EECWASDP84WG45</subfield>
            <subfield code="r">EECWASDP84WG41984</subfield>
        </datafield>
        <datafield tag="245" ind1="1" ind2="0">
            <subfield code="a">Arab women strategic development in Western Asia Region until the year 2000.</subfield>
        </datafield>
        <datafield tag="260" ind1=" " ind2=" ">
            <subfield code="a">[Baghdad] :</subfield>
            <subfield code="b">UN,</subfield>
            <subfield code="c">[11 Nov. 1984]</subfield>
        </datafield>
        <datafield tag="269" ind1=" " ind2=" ">
            <subfield code="a">19841111</subfield>
        </datafield>
        <datafield tag="300" ind1=" " ind2=" ">
            <subfield code="a">iii, 27 p.</subfield>
        </datafield>
        <datafield tag="500" ind1=" " ind2=" ">
            <subfield code="a">Title and text in Arabic only; translated title.</subfield>
        </datafield>
        <datafield tag="500" ind1=" " ind2=" ">
            <subfield code="a">At head of title: ECWA Social Development and Human Settlements Division and UN Centre for Social Development and Humanitarian Affairs, Branch for the Advancement of Women.</subfield>
        </datafield>
        <datafield tag="650" ind1="0" ind2="7">
            <subfield code="0">1280960</subfield>
            <subfield code="a">WOMEN WORKERS</subfield>
        </datafield>
        <datafield tag="650" ind1="0" ind2="7">
            <subfield code="0">1283087</subfield>
            <subfield code="a">WOMEN'S ADVANCEMENT</subfield>
        </datafield>
        <datafield tag="650" ind1="0" ind2="7">
            <subfield code="0">1281013</subfield>
            <subfield code="a">WOMEN IN DEVELOPMENT</subfield>
        </datafield>
        <datafield tag="650" ind1="0" ind2="7">
            <subfield code="0">1281019</subfield>
            <subfield code="a">WOMEN'S RIGHTS</subfield>
        </datafield>
        <datafield tag="650" ind1="0" ind2="7">
            <subfield code="0">1283088</subfield>
            <subfield code="a">WOMEN'S STATUS</subfield>
        </datafield>
        <datafield tag="651" ind1="0" ind2="7">
            <subfield code="0">1282273</subfield>
            <subfield code="a">WESTERN ASIA</subfield>
        </datafield>
        <datafield tag="651" ind1="0" ind2="7">
            <subfield code="0">1282258</subfield>
            <subfield code="a">ARAB COUNTRIES</subfield>
        </datafield>
        <datafield tag="710" ind1="2" ind2="0">
            <subfield code="0">871317</subfield>
            <subfield code="a">UN. ECWA. Social Development and Human Settlements Division</subfield>
        </datafield>
        <datafield tag="710" ind1="2" ind2="0">
            <subfield code="0">881334</subfield>
            <subfield code="a">UN. Branch for the Advancement of Women</subfield>
        </datafield>
        <datafield tag="930" ind1=" " ind2=" ">
            <subfield code="a">UND</subfield>
        </datafield>
        <datafield tag="955" ind1=" " ind2=" ">
            <subfield code="a">13732500</subfield>
        </datafield>
        <datafield tag="980" ind1=" " ind2=" ">
            <subfield code="a">BIB</subfield>
        </datafield>
        <datafield tag="989" ind1=" " ind2=" ">
            <subfield code="a">Documents and Publications</subfield>
        </datafield>
        <datafield tag="998" ind1=" " ind2=" ">
            <subfield code="a">19961223190000</subfield>
            <subfield code="c">20110920142500</subfield>
            <subfield code="d">amcat</subfield>
        </datafield>
    </record>