

    
    <record>
        <controlfield tag="001">94844</controlfield>
        <controlfield tag="000">01358cam\\2200325#\\4500</controlfield>
        <controlfield tag="005">20170412215726.0</controlfield>
        <controlfield tag="008">861030s1984\\\\irq\\\\\r\\\\\\\\\\\ara\u</controlfield>
        <datafield tag="035" ind1=" " ind2=" ">
            <subfield code="a">D0079559</subfield>
        </datafield>
        <datafield tag="035" ind1=" " ind2=" ">
            <subfield code="a">(DHL)209874</subfield>
        </datafield>
        <datafield tag="039" ind1=" " ind2=" ">
            <subfield code="a">DHU</subfield>
        </datafield>
        <datafield tag="040" ind1=" " ind2=" ">
            <subfield code="a">NNUN</subfield>
            <subfield code="b">eng</subfield>
        </datafield>
        <datafield tag="041" ind1=" " ind2=" ">
            <subfield code="a">ara</subfield>
        </datafield>
        <datafield tag="049" ind1=" " ind2=" ">
            <subfield code="a">irq</subfield>
        </datafield>
        <datafield tag="089" ind1=" " ind2=" ">
            <subfield code="a">Annual/sessional reports (UN) -- Draft</subfield>
            <subfield code="b">B08</subfield>
        </datafield>
        <datafield tag="091" ind1=" " ind2=" ">
            <subfield code="a">GEN</subfield>
        </datafield>
        <datafield tag="099" ind1=" " ind2=" ">
            <subfield code="a">UNH</subfield>
            <subfield code="b">DHU</subfield>
        </datafield>
        <datafield tag="191" ind1=" " ind2=" ">
            <subfield code="0">975028</subfield>
            <subfield code="a">E/ECWA/SDP/84/WG.4/4</subfield>
            <subfield code="b">E/ECWA/SDP/84/WG.4/</subfield>
            <subfield code="c">1984</subfield>
            <subfield code="q">EECWASDP84WG44</subfield>
            <subfield code="r">EECWASDP84WG41984</subfield>
        </datafield>
        <datafield tag="245" ind1="1" ind2="0">
            <subfield code="a">Draft final report :</subfield>
            <subfield code="b">Expert Working Group Meeting on Women in the Arab World in the year 2000, Baghdad, 29-31 October, 1984.</subfield>
        </datafield>
        <datafield tag="260" ind1=" " ind2=" ">
            <subfield code="a">[Baghdad] :</subfield>
            <subfield code="b">UN,</subfield>
            <subfield code="c">30 Oct. 1984.</subfield>
        </datafield>
        <datafield tag="269" ind1=" " ind2=" ">
            <subfield code="a">19841030</subfield>
        </datafield>
        <datafield tag="300" ind1=" " ind2=" ">
            <subfield code="a">14 p.</subfield>
        </datafield>
        <datafield tag="500" ind1=" " ind2=" ">
            <subfield code="a">Title and text in Arabic only; translated title.</subfield>
        </datafield>
        <datafield tag="500" ind1=" " ind2=" ">
            <subfield code="a">At head of title: ECWA Social Development and Human Settlements Division and UN Centre for Social Development and Humanitarian Affairs, Branch for the Advancement of Women.</subfield>
        </datafield>
        <datafield tag="650" ind1="0" ind2="7">
            <subfield code="0">1280146</subfield>
            <subfield code="a">WOMEN</subfield>
        </datafield>
        <datafield tag="651" ind1="0" ind2="7">
            <subfield code="0">1282258</subfield>
            <subfield code="a">ARAB COUNTRIES</subfield>
        </datafield>
        <datafield tag="710" ind1="2" ind2="0">
            <subfield code="0">871317</subfield>
            <subfield code="a">UN. ECWA. Social Development and Human Settlements Division</subfield>
        </datafield>
        <datafield tag="710" ind1="2" ind2="0">
            <subfield code="0">881334</subfield>
            <subfield code="a">UN. Branch for the Advancement of Women</subfield>
        </datafield>
        <datafield tag="711" ind1="2" ind2="0">
            <subfield code="0">975029</subfield>
            <subfield code="a">Expert Working Group Meeting on Women in the Arab World in the Year 2000 (1984 : Baghdad)</subfield>
        </datafield>
        <datafield tag="930" ind1=" " ind2=" ">
            <subfield code="a">UND</subfield>
        </datafield>
        <datafield tag="955" ind1=" " ind2=" ">
            <subfield code="a">13732300</subfield>
        </datafield>
        <datafield tag="980" ind1=" " ind2=" ">
            <subfield code="a">BIB</subfield>
        </datafield>
        <datafield tag="989" ind1=" " ind2=" ">
            <subfield code="a">Documents and Publications</subfield>
            <subfield code="b">Draft Reports</subfield>
        </datafield>
        <datafield tag="998" ind1=" " ind2=" ">
            <subfield code="a">19961223190000</subfield>
            <subfield code="c">20110920142500</subfield>
            <subfield code="d">amcat</subfield>
        </datafield>
    </record>