

    
    <record>
        <controlfield tag="001">93946</controlfield>
        <controlfield tag="000">01891nad\\2200553#\\4500</controlfield>
        <controlfield tag="005">20170412235009.0</controlfield>
        <controlfield tag="008">860811s1982\\\\irq\\\\\r\\\\\\\\\\\eng\u</controlfield>
        <datafield tag="035" ind1=" " ind2=" ">
            <subfield code="a">D0076419</subfield>
        </datafield>
        <datafield tag="035" ind1=" " ind2=" ">
            <subfield code="a">(DHL)208647</subfield>
        </datafield>
        <datafield tag="039" ind1=" " ind2=" ">
            <subfield code="a">DHU</subfield>
        </datafield>
        <datafield tag="040" ind1=" " ind2=" ">
            <subfield code="a">NNUN</subfield>
            <subfield code="b">eng</subfield>
        </datafield>
        <datafield tag="041" ind1=" " ind2=" ">
            <subfield code="a">engara</subfield>
        </datafield>
        <datafield tag="049" ind1=" " ind2=" ">
            <subfield code="a">irq</subfield>
        </datafield>
        <datafield tag="089" ind1=" " ind2=" ">
            <subfield code="a">Miscellaneous (UN)</subfield>
            <subfield code="b">B19</subfield>
        </datafield>
        <datafield tag="091" ind1=" " ind2=" ">
            <subfield code="a">GEN</subfield>
        </datafield>
        <datafield tag="099" ind1=" " ind2=" ">
            <subfield code="a">UNH</subfield>
            <subfield code="b">DHU</subfield>
            <subfield code="c">UNE/ECWA(05)/A3</subfield>
            <subfield code="q">UNEECWA05A3</subfield>
        </datafield>
        <datafield tag="191" ind1=" " ind2=" ">
            <subfield code="0">974572</subfield>
            <subfield code="a">E/ECWA/AGREB/V</subfield>
            <subfield code="b">E/ECWA/AGREB/</subfield>
            <subfield code="q">EECWAAGREBV</subfield>
            <subfield code="r">EECWAAGREB</subfield>
        </datafield>
        <datafield tag="245" ind1="1" ind2="0">
            <subfield code="a">Agriculture and development in Western Asia, Sept. 1982, no. 5, Sept. 1982.</subfield>
        </datafield>
        <datafield tag="260" ind1=" " ind2=" ">
            <subfield code="a">Baghdad:</subfield>
            <subfield code="a">FAO,</subfield>
            <subfield code="b">UN Economic Commission for Western Asia ;</subfield>
            <subfield code="c">1982.</subfield>
        </datafield>
        <datafield tag="269" ind1=" " ind2=" ">
            <subfield code="a">1982</subfield>
        </datafield>
        <datafield tag="300" ind1=" " ind2=" ">
            <subfield code="a">v, 137 p. :</subfield>
            <subfield code="b">graphs, tables.</subfield>
        </datafield>
        <datafield tag="500" ind1=" " ind2=" ">
            <subfield code="a">"Joint publication of the United Nations Economic Commission for Western Asia and the Food and Agriculture Organization of the United Nations." - "Prepared by the Joint ECWA/FAO Agriculture Division." - Includes bibliographical references.</subfield>
        </datafield>
        <datafield tag="610" ind1="2" ind2="7">
            <subfield code="0">888240</subfield>
            <subfield code="a">Jordan Valley Farmers' Association</subfield>
        </datafield>
        <datafield tag="611" ind1="2" ind2="7">
            <subfield code="0">871946</subfield>
            <subfield code="a">Expert Meeting on Management, Conservation and Development of Agricultural Resources in the ECWA Region (1981 : Damascus)</subfield>
        </datafield>
        <datafield tag="650" ind1="0" ind2="7">
            <subfield code="0">1279034</subfield>
            <subfield code="a">AGRICULTURAL PRODUCTION</subfield>
        </datafield>
        <datafield tag="650" ind1="0" ind2="7">
            <subfield code="0">1279035</subfield>
            <subfield code="a">AGRICULTURAL PRODUCT MARKETING</subfield>
        </datafield>
        <datafield tag="650" ind1="0" ind2="7">
            <subfield code="0">1279241</subfield>
            <subfield code="a">FORESTRY</subfield>
        </datafield>
        <datafield tag="650" ind1="0" ind2="7">
            <subfield code="0">1279039</subfield>
            <subfield code="a">AGRICULTURAL STATISTICS</subfield>
        </datafield>
        <datafield tag="650" ind1="0" ind2="7">
            <subfield code="0">1283066</subfield>
            <subfield code="a">STATISTICAL DATA</subfield>
        </datafield>
        <datafield tag="650" ind1="0" ind2="7">
            <subfield code="0">1279034</subfield>
            <subfield code="a">AGRICULTURAL PRODUCTION</subfield>
        </datafield>
        <datafield tag="650" ind1="0" ind2="7">
            <subfield code="0">1279015</subfield>
            <subfield code="a">AGRICULTURAL DEVELOPMENT</subfield>
        </datafield>
        <datafield tag="650" ind1="0" ind2="7">
            <subfield code="0">1278422</subfield>
            <subfield code="a">RURAL DEVELOPMENT</subfield>
        </datafield>
        <datafield tag="650" ind1="0" ind2="7">
            <subfield code="0">1279033</subfield>
            <subfield code="a">AGRICULTURAL PRICES</subfield>
        </datafield>
        <datafield tag="650" ind1="0" ind2="7">
            <subfield code="0">1279055</subfield>
            <subfield code="a">FARM INCOME</subfield>
        </datafield>
        <datafield tag="650" ind1="0" ind2="7">
            <subfield code="0">1279084</subfield>
            <subfield code="a">SMALL FARMS</subfield>
        </datafield>
        <datafield tag="650" ind1="0" ind2="7">
            <subfield code="0">1279005</subfield>
            <subfield code="a">AGRARIAN REFORM</subfield>
        </datafield>
        <datafield tag="650" ind1="0" ind2="7">
            <subfield code="0">1278857</subfield>
            <subfield code="a">LAND SETTLEMENT</subfield>
        </datafield>
        <datafield tag="650" ind1="0" ind2="7">
            <subfield code="0">1283254</subfield>
            <subfield code="a">CONFERENCES</subfield>
        </datafield>
        <datafield tag="651" ind1="0" ind2="7">
            <subfield code="0">1282273</subfield>
            <subfield code="a">WESTERN ASIA</subfield>
        </datafield>
        <datafield tag="651" ind1="0" ind2="7">
            <subfield code="0">1282269</subfield>
            <subfield code="a">SAUDI ARABIA</subfield>
        </datafield>
        <datafield tag="651" ind1="0" ind2="7">
            <subfield code="0">1282262</subfield>
            <subfield code="a">JORDAN</subfield>
        </datafield>
        <datafield tag="651" ind1="0" ind2="7">
            <subfield code="0">1282272</subfield>
            <subfield code="a">YEMEN</subfield>
        </datafield>
        <datafield tag="651" ind1="0" ind2="7">
            <subfield code="0">1282088</subfield>
            <subfield code="a">EGYPT</subfield>
        </datafield>
        <datafield tag="651" ind1="0" ind2="7">
            <subfield code="0">1282270</subfield>
            <subfield code="a">SYRIAN ARAB REPUBLIC</subfield>
        </datafield>
        <datafield tag="651" ind1="0" ind2="7">
            <subfield code="0">1282261</subfield>
            <subfield code="a">IRAQ</subfield>
        </datafield>
        <datafield tag="710" ind1="2" ind2="0">
            <subfield code="0">864482</subfield>
            <subfield code="a">UN. ECWA</subfield>
        </datafield>
        <datafield tag="710" ind1="2" ind2="0">
            <subfield code="0">864548</subfield>
            <subfield code="a">FAO</subfield>
        </datafield>
        <datafield tag="710" ind1="2" ind2="0">
            <subfield code="0">882375</subfield>
            <subfield code="a">Joint ECWA/FAO Agriculture Division</subfield>
        </datafield>
        <datafield tag="856" ind1="4" ind2=" ">
            <subfield code="s">14237141</subfield>
            <subfield code="u">http://digitallibrary.un.org/record/93946/files/E_ECWA_AGREB_V-EN.pdf</subfield>
            <subfield code="y">English</subfield>
        </datafield>
        <datafield tag="930" ind1=" " ind2=" ">
            <subfield code="a">UND</subfield>
        </datafield>
        <datafield tag="955" ind1=" " ind2=" ">
            <subfield code="a">13705200</subfield>
        </datafield>
        <datafield tag="980" ind1=" " ind2=" ">
            <subfield code="a">BIB</subfield>
        </datafield>
        <datafield tag="989" ind1=" " ind2=" ">
            <subfield code="a">Documents and Publications</subfield>
        </datafield>
        <datafield tag="998" ind1=" " ind2=" ">
            <subfield code="a">19961223190000</subfield>
            <subfield code="c">20160901090700</subfield>
            <subfield code="d">shkcat</subfield>
        </datafield>
    </record>