

    
    <record>
        <controlfield tag="001">93262</controlfield>
        <controlfield tag="000">01520nam\\2200493#\\4500</controlfield>
        <controlfield tag="005">20170412235007.0</controlfield>
        <controlfield tag="008">860617s1984\\\\irq\\\\\r\\\\\\\\\\\eng\u</controlfield>
        <datafield tag="035" ind1=" " ind2=" ">
            <subfield code="a">D0074902</subfield>
        </datafield>
        <datafield tag="035" ind1=" " ind2=" ">
            <subfield code="a">(DHL)207571</subfield>
        </datafield>
        <datafield tag="039" ind1=" " ind2=" ">
            <subfield code="a">DHU</subfield>
        </datafield>
        <datafield tag="040" ind1=" " ind2=" ">
            <subfield code="a">NNUN</subfield>
            <subfield code="b">eng</subfield>
        </datafield>
        <datafield tag="041" ind1=" " ind2=" ">
            <subfield code="a">eng</subfield>
        </datafield>
        <datafield tag="049" ind1=" " ind2=" ">
            <subfield code="a">irq</subfield>
        </datafield>
        <datafield tag="089" ind1=" " ind2=" ">
            <subfield code="a">Miscellaneous (UN)</subfield>
            <subfield code="b">B19</subfield>
        </datafield>
        <datafield tag="091" ind1=" " ind2=" ">
            <subfield code="a">GEN</subfield>
        </datafield>
        <datafield tag="099" ind1=" " ind2=" ">
            <subfield code="a">UNH</subfield>
            <subfield code="b">DHU</subfield>
        </datafield>
        <datafield tag="191" ind1=" " ind2=" ">
            <subfield code="0">970624</subfield>
            <subfield code="a">E/ECWA/AGR/84/5</subfield>
            <subfield code="b">E/ECWA/AGR/</subfield>
            <subfield code="q">EECWAAGR845</subfield>
            <subfield code="r">EECWAAGR</subfield>
        </datafield>
        <datafield tag="245" ind1="1" ind2="0">
            <subfield code="a">Organization and management of state farming in the Syrian Arab Republic.</subfield>
        </datafield>
        <datafield tag="260" ind1=" " ind2=" ">
            <subfield code="a">Baghdad :</subfield>
            <subfield code="b">Joint ECWA/FAO Agriculture Division,</subfield>
            <subfield code="c">June 1984.</subfield>
        </datafield>
        <datafield tag="269" ind1=" " ind2=" ">
            <subfield code="a">198406</subfield>
        </datafield>
        <datafield tag="300" ind1=" " ind2=" ">
            <subfield code="a">iv, 67 p. :</subfield>
            <subfield code="b">charts, tables.</subfield>
        </datafield>
        <datafield tag="500" ind1=" " ind2=" ">
            <subfield code="a">"In the preparation of this report, Professor Csaba Csaki...served as a consultant"</subfield>
        </datafield>
        <datafield tag="610" ind1="2" ind2="7">
            <subfield code="0">887007</subfield>
            <subfield code="a">Syrian Arab Republic. Ministry of Agriculture and Agrarian Reform</subfield>
        </datafield>
        <datafield tag="650" ind1="0" ind2="7">
            <subfield code="0">1279030</subfield>
            <subfield code="a">AGRICULTURAL PLANNING</subfield>
        </datafield>
        <datafield tag="650" ind1="0" ind2="7">
            <subfield code="0">1279086</subfield>
            <subfield code="a">STATE FARMS</subfield>
        </datafield>
        <datafield tag="650" ind1="0" ind2="7">
            <subfield code="0">1279039</subfield>
            <subfield code="a">AGRICULTURAL STATISTICS</subfield>
        </datafield>
        <datafield tag="650" ind1="0" ind2="7">
            <subfield code="0">1283066</subfield>
            <subfield code="a">STATISTICAL DATA</subfield>
        </datafield>
        <datafield tag="650" ind1="0" ind2="7">
            <subfield code="0">1279034</subfield>
            <subfield code="a">AGRICULTURAL PRODUCTION</subfield>
        </datafield>
        <datafield tag="650" ind1="0" ind2="7">
            <subfield code="0">1279188</subfield>
            <subfield code="a">ANIMAL HUSBANDRY</subfield>
        </datafield>
        <datafield tag="650" ind1="0" ind2="7">
            <subfield code="0">1279121</subfield>
            <subfield code="a">CROPS</subfield>
        </datafield>
        <datafield tag="650" ind1="0" ind2="7">
            <subfield code="0">1279056</subfield>
            <subfield code="a">FARM MANAGEMENT</subfield>
        </datafield>
        <datafield tag="650" ind1="0" ind2="7">
            <subfield code="0">1279192</subfield>
            <subfield code="a">CATTLE</subfield>
        </datafield>
        <datafield tag="650" ind1="0" ind2="7">
            <subfield code="0">1279200</subfield>
            <subfield code="a">POULTRY</subfield>
        </datafield>
        <datafield tag="650" ind1="0" ind2="7">
            <subfield code="0">1279029</subfield>
            <subfield code="a">AGRICULTURAL MECHANIZATION</subfield>
        </datafield>
        <datafield tag="650" ind1="0" ind2="7">
            <subfield code="0">1279607</subfield>
            <subfield code="a">FRUIT INDUSTRY</subfield>
        </datafield>
        <datafield tag="650" ind1="0" ind2="7">
            <subfield code="0">1278421</subfield>
            <subfield code="a">RIVER BASIN DEVELOPMENT</subfield>
        </datafield>
        <datafield tag="650" ind1="0" ind2="7">
            <subfield code="0">1282395</subfield>
            <subfield code="a">DECISION-MAKING</subfield>
        </datafield>
        <datafield tag="650" ind1="0" ind2="7">
            <subfield code="0">1279043</subfield>
            <subfield code="a">AGRICULTURAL WAGES</subfield>
        </datafield>
        <datafield tag="650" ind1="0" ind2="7">
            <subfield code="0">1282718</subfield>
            <subfield code="a">RECOMMENDATIONS</subfield>
        </datafield>
        <datafield tag="651" ind1="0" ind2="7">
            <subfield code="0">1282270</subfield>
            <subfield code="a">SYRIAN ARAB REPUBLIC</subfield>
        </datafield>
        <datafield tag="651" ind1="0" ind2="7">
            <subfield code="0">1277025</subfield>
            <subfield code="2">unbist</subfield>
            <subfield code="a">EUPHRATES-TIGRIS RIVER BASIN</subfield>
        </datafield>
        <datafield tag="700" ind1="1" ind2="0">
            <subfield code="0">974500</subfield>
            <subfield code="a">Csaba, Csaki.</subfield>
        </datafield>
        <datafield tag="710" ind1="2" ind2="0">
            <subfield code="0">882375</subfield>
            <subfield code="a">Joint ECWA/FAO Agriculture Division</subfield>
        </datafield>
        <datafield tag="856" ind1="4" ind2=" ">
            <subfield code="s">6545477</subfield>
            <subfield code="u">http://digitallibrary.un.org/record/93262/files/E_ECWA_AGR_84_5-EN.pdf</subfield>
            <subfield code="y">English</subfield>
        </datafield>
        <datafield tag="930" ind1=" " ind2=" ">
            <subfield code="a">UND</subfield>
        </datafield>
        <datafield tag="955" ind1=" " ind2=" ">
            <subfield code="a">13703000</subfield>
        </datafield>
        <datafield tag="980" ind1=" " ind2=" ">
            <subfield code="a">BIB</subfield>
        </datafield>
        <datafield tag="989" ind1=" " ind2=" ">
            <subfield code="a">Documents and Publications</subfield>
        </datafield>
        <datafield tag="998" ind1=" " ind2=" ">
            <subfield code="a">19961223190000</subfield>
            <subfield code="c">20081006101100</subfield>
            <subfield code="d">amcat</subfield>
        </datafield>
    </record>