

    
    <record>
        <controlfield tag="001">92547</controlfield>
        <controlfield tag="000">01147nam\\2200313#\\4500</controlfield>
        <controlfield tag="005">20170412235006.0</controlfield>
        <controlfield tag="008">860506s1983\\\\irq\\\\\r\\\\\\\\\\\eng\u</controlfield>
        <datafield tag="035" ind1=" " ind2=" ">
            <subfield code="a">D0073415</subfield>
        </datafield>
        <datafield tag="035" ind1=" " ind2=" ">
            <subfield code="a">(DHL)206695</subfield>
        </datafield>
        <datafield tag="039" ind1=" " ind2=" ">
            <subfield code="a">DHU</subfield>
        </datafield>
        <datafield tag="040" ind1=" " ind2=" ">
            <subfield code="a">NNUN</subfield>
            <subfield code="b">eng</subfield>
        </datafield>
        <datafield tag="041" ind1=" " ind2=" ">
            <subfield code="a">eng</subfield>
        </datafield>
        <datafield tag="049" ind1=" " ind2=" ">
            <subfield code="a">irq</subfield>
        </datafield>
        <datafield tag="089" ind1=" " ind2=" ">
            <subfield code="a">Miscellaneous (UN)</subfield>
            <subfield code="b">B19</subfield>
        </datafield>
        <datafield tag="091" ind1=" " ind2=" ">
            <subfield code="a">GEN</subfield>
        </datafield>
        <datafield tag="099" ind1=" " ind2=" ">
            <subfield code="a">UNH</subfield>
            <subfield code="b">DHU</subfield>
        </datafield>
        <datafield tag="191" ind1=" " ind2=" ">
            <subfield code="0">961481</subfield>
            <subfield code="a">E/ECWA/AGR/WG.15/5</subfield>
            <subfield code="b">E/ECWA/AGR/WG.15/</subfield>
            <subfield code="c">1983</subfield>
            <subfield code="q">EECWAAGRWG155</subfield>
            <subfield code="r">EECWAAGRWG151983</subfield>
        </datafield>
        <datafield tag="245" ind1="1" ind2="0">
            <subfield code="a">Statement of aims and objectives :</subfield>
            <subfield code="b">Economic Commission for Western Asia, Expert Group Meeting on Constraints in Agricultural Planning and Resource Mobilization for Food Security Programmes in ECWA Region, 18-21 December 1983, Baghdad, Iraq.</subfield>
        </datafield>
        <datafield tag="260" ind1=" " ind2=" ">
            <subfield code="a">[Baghdad] :</subfield>
            <subfield code="b">UN,</subfield>
            <subfield code="c">15 Dec. 1983.</subfield>
        </datafield>
        <datafield tag="269" ind1=" " ind2=" ">
            <subfield code="a">19831215</subfield>
        </datafield>
        <datafield tag="300" ind1=" " ind2=" ">
            <subfield code="a">4 p.</subfield>
        </datafield>
        <datafield tag="610" ind1="2" ind2="7">
            <subfield code="0">864482</subfield>
            <subfield code="a">UN. ECWA</subfield>
        </datafield>
        <datafield tag="611" ind1="2" ind2="7">
            <subfield code="0">884804</subfield>
            <subfield code="a">Expert Group Meeting on Constraints in Agricultural Planning and Resource Mobilization for Food Security Programmes in the ECWA Region (1983 : Baghdad)</subfield>
        </datafield>
        <datafield tag="650" ind1="0" ind2="7">
            <subfield code="0">1282971</subfield>
            <subfield code="a">FOOD SECURITY</subfield>
        </datafield>
        <datafield tag="650" ind1="0" ind2="7">
            <subfield code="0">1279030</subfield>
            <subfield code="a">AGRICULTURAL PLANNING</subfield>
        </datafield>
        <datafield tag="650" ind1="0" ind2="7">
            <subfield code="0">1283038</subfield>
            <subfield code="a">RESOURCES MOBILIZATION</subfield>
        </datafield>
        <datafield tag="650" ind1="0" ind2="7">
            <subfield code="0">1283254</subfield>
            <subfield code="a">CONFERENCES</subfield>
        </datafield>
        <datafield tag="651" ind1="0" ind2="7">
            <subfield code="0">1282273</subfield>
            <subfield code="a">WESTERN ASIA</subfield>
        </datafield>
        <datafield tag="930" ind1=" " ind2=" ">
            <subfield code="a">UND</subfield>
        </datafield>
        <datafield tag="955" ind1=" " ind2=" ">
            <subfield code="a">13704900</subfield>
        </datafield>
        <datafield tag="980" ind1=" " ind2=" ">
            <subfield code="a">BIB</subfield>
        </datafield>
        <datafield tag="989" ind1=" " ind2=" ">
            <subfield code="a">Documents and Publications</subfield>
        </datafield>
        <datafield tag="998" ind1=" " ind2=" ">
            <subfield code="a">19961223190000</subfield>
            <subfield code="c">20051122082600</subfield>
            <subfield code="d">aacat</subfield>
        </datafield>
    </record>