

    
    <record>
        <controlfield tag="001">92167</controlfield>
        <controlfield tag="000">01230nam\\2200313#\\4500</controlfield>
        <controlfield tag="005">20170412235005.0</controlfield>
        <controlfield tag="008">860421s1984\\\\irq\\\\\r\\\\\\\\\\\eng\u</controlfield>
        <datafield tag="035" ind1=" " ind2=" ">
            <subfield code="a">D0072964</subfield>
        </datafield>
        <datafield tag="035" ind1=" " ind2=" ">
            <subfield code="a">(DHL)206162</subfield>
        </datafield>
        <datafield tag="039" ind1=" " ind2=" ">
            <subfield code="a">DHU</subfield>
        </datafield>
        <datafield tag="040" ind1=" " ind2=" ">
            <subfield code="a">NNUN</subfield>
            <subfield code="b">eng</subfield>
        </datafield>
        <datafield tag="041" ind1=" " ind2=" ">
            <subfield code="a">eng</subfield>
        </datafield>
        <datafield tag="049" ind1=" " ind2=" ">
            <subfield code="a">irq</subfield>
        </datafield>
        <datafield tag="089" ind1=" " ind2=" ">
            <subfield code="a">Miscellaneous (UN)</subfield>
            <subfield code="b">B19</subfield>
        </datafield>
        <datafield tag="091" ind1=" " ind2=" ">
            <subfield code="a">LTD</subfield>
        </datafield>
        <datafield tag="099" ind1=" " ind2=" ">
            <subfield code="a">UNH</subfield>
            <subfield code="b">DHU</subfield>
        </datafield>
        <datafield tag="191" ind1=" " ind2=" ">
            <subfield code="0">974031</subfield>
            <subfield code="a">E/ECWA/IND/84/WG.10/INF.1</subfield>
            <subfield code="b">E/ECWA/IND/84/WG.10/</subfield>
            <subfield code="c">1985</subfield>
            <subfield code="q">EECWAIND84WG10INF1</subfield>
            <subfield code="r">EECWAIND84WG101985</subfield>
        </datafield>
        <datafield tag="245" ind1="1" ind2="0">
            <subfield code="a">Aide memoire :</subfield>
            <subfield code="b">Economic Commission for Western Asia, ECWA/KISR/AFESD Specialized Workshop on "Computer Processing and Transmission of the Arabic Language", 7-9 April 1985, Kuwait.</subfield>
        </datafield>
        <datafield tag="260" ind1=" " ind2=" ">
            <subfield code="a">[Baghdad] :</subfield>
            <subfield code="b">UN,</subfield>
            <subfield code="c">Oct. 1984.</subfield>
        </datafield>
        <datafield tag="269" ind1=" " ind2=" ">
            <subfield code="a">198410</subfield>
        </datafield>
        <datafield tag="300" ind1=" " ind2=" ">
            <subfield code="a">6 p.</subfield>
        </datafield>
        <datafield tag="500" ind1=" " ind2=" ">
            <subfield code="a">"Hosted by Kuwait Institute for Scientific Research (KISR)"</subfield>
        </datafield>
        <datafield tag="611" ind1="2" ind2="7">
            <subfield code="0">974032</subfield>
            <subfield code="a">ECWA/KISR/AFESD SPECIALIZED WORKSHOP ON "COMPUTER PROCESSING AND TRANSMISSION OF THE ARABIC LANGUAGE" (1985 : KUWAIT)</subfield>
            <subfield code="g">WORK ORGANIZATION.</subfield>
        </datafield>
        <datafield tag="650" ind1="0" ind2="7">
            <subfield code="0">1281330</subfield>
            <subfield code="a">ARABIC LANGUAGE</subfield>
        </datafield>
        <datafield tag="650" ind1="0" ind2="7">
            <subfield code="0">1281794</subfield>
            <subfield code="a">DATA PROCESSING</subfield>
        </datafield>
        <datafield tag="650" ind1="0" ind2="7">
            <subfield code="0">1283254</subfield>
            <subfield code="a">CONFERENCES</subfield>
        </datafield>
        <datafield tag="650" ind1="0" ind2="7">
            <subfield code="0">1282595</subfield>
            <subfield code="a">WORK ORGANIZATION</subfield>
        </datafield>
        <datafield tag="711" ind1="2" ind2="0">
            <subfield code="0">886893</subfield>
            <subfield code="a">ECWA/KISR/AFESD Specialized Workshop on "Computer Processing and Transmission of the Arabic Language" (1985 : Kuwait)</subfield>
        </datafield>
        <datafield tag="930" ind1=" " ind2=" ">
            <subfield code="a">UND</subfield>
        </datafield>
        <datafield tag="955" ind1=" " ind2=" ">
            <subfield code="a">13715900</subfield>
        </datafield>
        <datafield tag="980" ind1=" " ind2=" ">
            <subfield code="a">BIB</subfield>
        </datafield>
        <datafield tag="989" ind1=" " ind2=" ">
            <subfield code="a">Documents and Publications</subfield>
        </datafield>
        <datafield tag="998" ind1=" " ind2=" ">
            <subfield code="a">19961223190000</subfield>
            <subfield code="c">20041116095600</subfield>
            <subfield code="d">nccat</subfield>
        </datafield>
    </record>