

    
    <record>
        <controlfield tag="001">92155</controlfield>
        <controlfield tag="000">02021nam\\2200553#\\4500</controlfield>
        <controlfield tag="005">20170412234631.0</controlfield>
        <controlfield tag="008">860421s1983\\\\irq\\\\\r\\\\\\\\\\\eng\u</controlfield>
        <datafield tag="035" ind1=" " ind2=" ">
            <subfield code="a">D0072938</subfield>
        </datafield>
        <datafield tag="035" ind1=" " ind2=" ">
            <subfield code="a">(DHL)206150</subfield>
        </datafield>
        <datafield tag="039" ind1=" " ind2=" ">
            <subfield code="a">DHU</subfield>
        </datafield>
        <datafield tag="040" ind1=" " ind2=" ">
            <subfield code="a">NNUN</subfield>
            <subfield code="b">eng</subfield>
        </datafield>
        <datafield tag="041" ind1=" " ind2=" ">
            <subfield code="a">eng</subfield>
        </datafield>
        <datafield tag="049" ind1=" " ind2=" ">
            <subfield code="a">irq</subfield>
        </datafield>
        <datafield tag="089" ind1=" " ind2=" ">
            <subfield code="a">Miscellaneous (UN)</subfield>
            <subfield code="b">B19</subfield>
        </datafield>
        <datafield tag="091" ind1=" " ind2=" ">
            <subfield code="a">GEN</subfield>
        </datafield>
        <datafield tag="099" ind1=" " ind2=" ">
            <subfield code="a">UNH</subfield>
            <subfield code="b">DHU</subfield>
        </datafield>
        <datafield tag="191" ind1=" " ind2=" ">
            <subfield code="0">945516</subfield>
            <subfield code="a">E/ECWA/DPD/83/4</subfield>
            <subfield code="b">E/ECWA/DPD/</subfield>
            <subfield code="q">EECWADPD834</subfield>
            <subfield code="r">EECWADPD</subfield>
        </datafield>
        <datafield tag="245" ind1="1" ind2="0">
            <subfield code="a">Trade and economic relations between the countries of Western Asia and the socialist countries of Eastern Europe :</subfield>
            <subfield code="b">trends and prospects.</subfield>
        </datafield>
        <datafield tag="260" ind1=" " ind2=" ">
            <subfield code="a">Baghdad :</subfield>
            <subfield code="b">UN,</subfield>
            <subfield code="c">May 1983.</subfield>
        </datafield>
        <datafield tag="269" ind1=" " ind2=" ">
            <subfield code="a">198305</subfield>
        </datafield>
        <datafield tag="300" ind1=" " ind2=" ">
            <subfield code="a">iv, 61 [26] p. :</subfield>
            <subfield code="b">tables.</subfield>
        </datafield>
        <datafield tag="500" ind1=" " ind2=" ">
            <subfield code="a">Includes Arabic references.</subfield>
        </datafield>
        <datafield tag="500" ind1=" " ind2=" ">
            <subfield code="a">Annexes: 1. Chronological register of bilateral economic agreements concluded between countries of Western Asia and socialist countries of Eastern Europe, 1950-1981.</subfield>
        </datafield>
        <datafield tag="500" ind1=" " ind2=" ">
            <subfield code="a">2. Selected credit arrangements between countries of Western Asia and socialist countries of Eastern Europe. 3. Selected development projects in ECWA countries implemented, or under implementation with the co-operation of the socialist countries of Eastern Europe.</subfield>
        </datafield>
        <datafield tag="500" ind1=" " ind2=" ">
            <subfield code="a">4. Selected bibliography.</subfield>
        </datafield>
        <datafield tag="610" ind1="2" ind2="7">
            <subfield code="0">864756</subfield>
            <subfield code="a">CMEA</subfield>
        </datafield>
        <datafield tag="610" ind1="2" ind2="7">
            <subfield code="0">864482</subfield>
            <subfield code="a">UN. ECWA</subfield>
        </datafield>
        <datafield tag="650" ind1="0" ind2="7">
            <subfield code="0">1283066</subfield>
            <subfield code="a">STATISTICAL DATA</subfield>
        </datafield>
        <datafield tag="650" ind1="0" ind2="7">
            <subfield code="0">1279992</subfield>
            <subfield code="a">TRADE STATISTICS</subfield>
        </datafield>
        <datafield tag="650" ind1="0" ind2="7">
            <subfield code="0">1279955</subfield>
            <subfield code="a">FOREIGN TRADE</subfield>
        </datafield>
        <datafield tag="650" ind1="0" ind2="7">
            <subfield code="0">1282317</subfield>
            <subfield code="a">ECONOMIC RELATIONS</subfield>
        </datafield>
        <datafield tag="650" ind1="0" ind2="7">
            <subfield code="0">1278403</subfield>
            <subfield code="a">ECONOMIC COOPERATION</subfield>
        </datafield>
        <datafield tag="650" ind1="0" ind2="7">
            <subfield code="0">1279981</subfield>
            <subfield code="a">TRADE EXPANSION</subfield>
        </datafield>
        <datafield tag="650" ind1="0" ind2="7">
            <subfield code="0">1279999</subfield>
            <subfield code="a">COMMODITY TRADE</subfield>
        </datafield>
        <datafield tag="650" ind1="0" ind2="7">
            <subfield code="0">1278402</subfield>
            <subfield code="a">ECONOMIC AGREEMENTS</subfield>
        </datafield>
        <datafield tag="650" ind1="0" ind2="7">
            <subfield code="0">1278375</subfield>
            <subfield code="a">CENTRALLY PLANNED ECONOMIES</subfield>
        </datafield>
        <datafield tag="650" ind1="0" ind2="7">
            <subfield code="0">1279344</subfield>
            <subfield code="a">INDUSTRIAL COOPERATION</subfield>
        </datafield>
        <datafield tag="650" ind1="0" ind2="7">
            <subfield code="0">1278991</subfield>
            <subfield code="a">PETROLEUM</subfield>
        </datafield>
        <datafield tag="650" ind1="0" ind2="7">
            <subfield code="0">1278425</subfield>
            <subfield code="a">TECHNICAL COOPERATION</subfield>
        </datafield>
        <datafield tag="650" ind1="0" ind2="7">
            <subfield code="0">1279978</subfield>
            <subfield code="a">TRADE AGREEMENTS</subfield>
        </datafield>
        <datafield tag="650" ind1="0" ind2="7">
            <subfield code="0">1278378</subfield>
            <subfield code="a">DEVELOPED MARKET ECONOMIES</subfield>
        </datafield>
        <datafield tag="650" ind1="0" ind2="7">
            <subfield code="0">1282616</subfield>
            <subfield code="a">INSTITUTIONAL MACHINERY</subfield>
        </datafield>
        <datafield tag="650" ind1="0" ind2="7">
            <subfield code="0">1282310</subfield>
            <subfield code="a">PAYMENTS ARRANGEMENTS</subfield>
        </datafield>
        <datafield tag="650" ind1="0" ind2="7">
            <subfield code="0">1282568</subfield>
            <subfield code="a">PROJECT ACTIVITIES</subfield>
        </datafield>
        <datafield tag="650" ind1="0" ind2="7">
            <subfield code="0">1278375</subfield>
            <subfield code="a">CENTRALLY PLANNED ECONOMIES</subfield>
        </datafield>
        <datafield tag="650" ind1="0" ind2="7">
            <subfield code="0">1279967</subfield>
            <subfield code="a">INTERNATIONAL TRADE</subfield>
        </datafield>
        <datafield tag="651" ind1="0" ind2="7">
            <subfield code="0">1282273</subfield>
            <subfield code="a">WESTERN ASIA</subfield>
        </datafield>
        <datafield tag="651" ind1="0" ind2="7">
            <subfield code="0">1282227</subfield>
            <subfield code="a">EASTERN EUROPE</subfield>
        </datafield>
        <datafield tag="856" ind1="4" ind2=" ">
            <subfield code="s">7180264</subfield>
            <subfield code="u">http://digitallibrary.un.org/record/92155/files/E_ECWA_DPD_83_4-EN.pdf</subfield>
            <subfield code="y">English</subfield>
        </datafield>
        <datafield tag="930" ind1=" " ind2=" ">
            <subfield code="a">UND</subfield>
        </datafield>
        <datafield tag="955" ind1=" " ind2=" ">
            <subfield code="a">13706100</subfield>
        </datafield>
        <datafield tag="980" ind1=" " ind2=" ">
            <subfield code="a">BIB</subfield>
        </datafield>
        <datafield tag="989" ind1=" " ind2=" ">
            <subfield code="a">Documents and Publications</subfield>
        </datafield>
        <datafield tag="998" ind1=" " ind2=" ">
            <subfield code="a">19961223190000</subfield>
            <subfield code="c">20060619130000</subfield>
            <subfield code="d">nccat</subfield>
        </datafield>
    </record>