

    
    <record>
        <controlfield tag="001">92131</controlfield>
        <controlfield tag="000">01631nam\\2200565#\\4500</controlfield>
        <controlfield tag="005">20170412235005.0</controlfield>
        <controlfield tag="008">860418s1983\\\\irq\\\\\r\\\\\\\\\\\eng\u</controlfield>
        <datafield tag="035" ind1=" " ind2=" ">
            <subfield code="a">D0072905</subfield>
        </datafield>
        <datafield tag="035" ind1=" " ind2=" ">
            <subfield code="a">(DHL)206126</subfield>
        </datafield>
        <datafield tag="039" ind1=" " ind2=" ">
            <subfield code="a">DHU</subfield>
        </datafield>
        <datafield tag="040" ind1=" " ind2=" ">
            <subfield code="a">NNUN</subfield>
            <subfield code="b">eng</subfield>
        </datafield>
        <datafield tag="041" ind1=" " ind2=" ">
            <subfield code="a">eng</subfield>
        </datafield>
        <datafield tag="049" ind1=" " ind2=" ">
            <subfield code="a">irq</subfield>
        </datafield>
        <datafield tag="089" ind1=" " ind2=" ">
            <subfield code="a">Miscellaneous (UN)</subfield>
            <subfield code="b">B19</subfield>
        </datafield>
        <datafield tag="091" ind1=" " ind2=" ">
            <subfield code="a">GEN</subfield>
        </datafield>
        <datafield tag="099" ind1=" " ind2=" ">
            <subfield code="a">UNH</subfield>
            <subfield code="b">DHU</subfield>
        </datafield>
        <datafield tag="191" ind1=" " ind2=" ">
            <subfield code="0">970624</subfield>
            <subfield code="a">E/ECWA/AGR/84/4</subfield>
            <subfield code="b">E/ECWA/AGR/</subfield>
            <subfield code="q">EECWAAGR844</subfield>
            <subfield code="r">EECWAAGR</subfield>
        </datafield>
        <datafield tag="245" ind1="1" ind2="0">
            <subfield code="a">Progress in alleviation of rural poverty in the People's Democratic Republic of Yemen.</subfield>
        </datafield>
        <datafield tag="260" ind1=" " ind2=" ">
            <subfield code="a">Baghdad :</subfield>
            <subfield code="b">Joint ECWA/FAO Agriculture Division,</subfield>
            <subfield code="c">Mar. 1983.</subfield>
        </datafield>
        <datafield tag="269" ind1=" " ind2=" ">
            <subfield code="a">198303</subfield>
        </datafield>
        <datafield tag="300" ind1=" " ind2=" ">
            <subfield code="a">v, 58 p. :</subfield>
            <subfield code="b">tables.</subfield>
        </datafield>
        <datafield tag="650" ind1="0" ind2="7">
            <subfield code="0">1279005</subfield>
            <subfield code="a">AGRARIAN REFORM</subfield>
        </datafield>
        <datafield tag="650" ind1="0" ind2="7">
            <subfield code="0">1279060</subfield>
            <subfield code="a">FARMERS</subfield>
        </datafield>
        <datafield tag="650" ind1="0" ind2="7">
            <subfield code="0">1281232</subfield>
            <subfield code="a">POVERTY</subfield>
        </datafield>
        <datafield tag="650" ind1="0" ind2="7">
            <subfield code="0">1279045</subfield>
            <subfield code="a">AGRICULTURE</subfield>
        </datafield>
        <datafield tag="650" ind1="0" ind2="7">
            <subfield code="0">1278422</subfield>
            <subfield code="a">RURAL DEVELOPMENT</subfield>
        </datafield>
        <datafield tag="650" ind1="0" ind2="7">
            <subfield code="0">1283066</subfield>
            <subfield code="a">STATISTICAL DATA</subfield>
        </datafield>
        <datafield tag="650" ind1="0" ind2="7">
            <subfield code="0">1279086</subfield>
            <subfield code="a">STATE FARMS</subfield>
        </datafield>
        <datafield tag="650" ind1="0" ind2="7">
            <subfield code="0">1279013</subfield>
            <subfield code="a">AGRICULTURAL COOPERATIVES</subfield>
        </datafield>
        <datafield tag="650" ind1="0" ind2="7">
            <subfield code="0">1279026</subfield>
            <subfield code="a">AGRICULTURAL LEGISLATION</subfield>
        </datafield>
        <datafield tag="650" ind1="0" ind2="7">
            <subfield code="0">1279015</subfield>
            <subfield code="a">AGRICULTURAL DEVELOPMENT</subfield>
        </datafield>
        <datafield tag="650" ind1="0" ind2="7">
            <subfield code="0">1279034</subfield>
            <subfield code="a">AGRICULTURAL PRODUCTION</subfield>
        </datafield>
        <datafield tag="650" ind1="0" ind2="7">
            <subfield code="0">1279021</subfield>
            <subfield code="a">AGRICULTURAL ENGINEERING</subfield>
        </datafield>
        <datafield tag="650" ind1="0" ind2="7">
            <subfield code="0">1279037</subfield>
            <subfield code="a">AGRICULTURAL RESEARCH</subfield>
        </datafield>
        <datafield tag="650" ind1="0" ind2="7">
            <subfield code="0">1279023</subfield>
            <subfield code="a">AGRICULTURAL EXTENSION</subfield>
        </datafield>
        <datafield tag="650" ind1="0" ind2="7">
            <subfield code="0">1279018</subfield>
            <subfield code="a">AGRICULTURAL EDUCATION</subfield>
        </datafield>
        <datafield tag="650" ind1="0" ind2="7">
            <subfield code="0">1282647</subfield>
            <subfield code="a">TRAINING AND RESEARCH INSTITUTIONS</subfield>
        </datafield>
        <datafield tag="650" ind1="0" ind2="7">
            <subfield code="0">1279214</subfield>
            <subfield code="a">FISHERIES</subfield>
        </datafield>
        <datafield tag="650" ind1="0" ind2="7">
            <subfield code="0">1279047</subfield>
            <subfield code="a">AGROINDUSTRY</subfield>
        </datafield>
        <datafield tag="650" ind1="0" ind2="7">
            <subfield code="0">1278452</subfield>
            <subfield code="a">POPULAR PARTICIPATION</subfield>
        </datafield>
        <datafield tag="650" ind1="0" ind2="7">
            <subfield code="0">1281292</subfield>
            <subfield code="a">BASIC NEEDS</subfield>
        </datafield>
        <datafield tag="650" ind1="0" ind2="7">
            <subfield code="0">1279929</subfield>
            <subfield code="a">DOMESTIC TRADE</subfield>
        </datafield>
        <datafield tag="650" ind1="0" ind2="7">
            <subfield code="0">1280815</subfield>
            <subfield code="a">MANPOWER</subfield>
        </datafield>
        <datafield tag="650" ind1="0" ind2="7">
            <subfield code="0">1279043</subfield>
            <subfield code="a">AGRICULTURAL WAGES</subfield>
        </datafield>
        <datafield tag="650" ind1="0" ind2="7">
            <subfield code="0">1278369</subfield>
            <subfield code="a">PRICE CONTROLS</subfield>
        </datafield>
        <datafield tag="650" ind1="0" ind2="7">
            <subfield code="0">1279955</subfield>
            <subfield code="a">FOREIGN TRADE</subfield>
        </datafield>
        <datafield tag="650" ind1="0" ind2="7">
            <subfield code="0">1278574</subfield>
            <subfield code="a">DEVELOPMENT ASSISTANCE</subfield>
        </datafield>
        <datafield tag="651" ind1="0" ind2="7">
            <subfield code="0">1282260</subfield>
            <subfield code="a">DEMOCRATIC YEMEN</subfield>
        </datafield>
        <datafield tag="710" ind1="2" ind2="0">
            <subfield code="0">882375</subfield>
            <subfield code="a">Joint ECWA/FAO Agriculture Division</subfield>
        </datafield>
        <datafield tag="930" ind1=" " ind2=" ">
            <subfield code="a">UND</subfield>
        </datafield>
        <datafield tag="955" ind1=" " ind2=" ">
            <subfield code="a">13702900</subfield>
        </datafield>
        <datafield tag="980" ind1=" " ind2=" ">
            <subfield code="a">BIB</subfield>
        </datafield>
        <datafield tag="989" ind1=" " ind2=" ">
            <subfield code="a">Documents and Publications</subfield>
        </datafield>
        <datafield tag="998" ind1=" " ind2=" ">
            <subfield code="a">19961223190000</subfield>
            <subfield code="c">20041223062700</subfield>
            <subfield code="d">nccat</subfield>
        </datafield>
    </record>