

    
    <record>
        <controlfield tag="001">34780</controlfield>
        <controlfield tag="000">01027nam\\2200373#\\4500</controlfield>
        <controlfield tag="005">20170412225117.0</controlfield>
        <controlfield tag="008">830305s1981\\\\lbn\\\\\r\\\\\\\\\\\eng\u</controlfield>
        <datafield tag="035" ind1=" " ind2=" ">
            <subfield code="a">D0036000</subfield>
        </datafield>
        <datafield tag="035" ind1=" " ind2=" ">
            <subfield code="a">(DHL)114690</subfield>
        </datafield>
        <datafield tag="039" ind1=" " ind2=" ">
            <subfield code="a">DHU</subfield>
        </datafield>
        <datafield tag="040" ind1=" " ind2=" ">
            <subfield code="a">NNUN</subfield>
            <subfield code="b">eng</subfield>
        </datafield>
        <datafield tag="041" ind1=" " ind2=" ">
            <subfield code="a">eng</subfield>
        </datafield>
        <datafield tag="049" ind1=" " ind2=" ">
            <subfield code="a">lbn</subfield>
        </datafield>
        <datafield tag="069" ind1=" " ind2=" ">
            <subfield code="a">PAL</subfield>
            <subfield code="b">M02</subfield>
        </datafield>
        <datafield tag="089" ind1=" " ind2=" ">
            <subfield code="a">Reports/studies</subfield>
            <subfield code="b">B16</subfield>
        </datafield>
        <datafield tag="091" ind1=" " ind2=" ">
            <subfield code="a">GEN</subfield>
        </datafield>
        <datafield tag="099" ind1=" " ind2=" ">
            <subfield code="a">UNH</subfield>
            <subfield code="b">DHU</subfield>
        </datafield>
        <datafield tag="191" ind1=" " ind2=" ">
            <subfield code="0">950542</subfield>
            <subfield code="a">E/ECWA/UNIDO/WP.1</subfield>
            <subfield code="b">E/ECWA/UNIDO/</subfield>
            <subfield code="d">E/ECWA/UNIDO/</subfield>
            <subfield code="e">WP.1</subfield>
            <subfield code="q">EECWAUNIDOWP1</subfield>
            <subfield code="r">EECWAUNIDO</subfield>
        </datafield>
        <datafield tag="245" ind1="1" ind2="0">
            <subfield code="a">Report on the industrial and economic trends in the West Bank and Gaza strip.</subfield>
        </datafield>
        <datafield tag="260" ind1=" " ind2=" ">
            <subfield code="a">Beirut :</subfield>
            <subfield code="b">UN,</subfield>
            <subfield code="c">Aug. 1981.</subfield>
        </datafield>
        <datafield tag="269" ind1=" " ind2=" ">
            <subfield code="a">198108</subfield>
        </datafield>
        <datafield tag="300" ind1=" " ind2=" ">
            <subfield code="a">iv, 136 p. :</subfield>
            <subfield code="b">tables.</subfield>
        </datafield>
        <datafield tag="650" ind1="0" ind2="7">
            <subfield code="0">1279348</subfield>
            <subfield code="a">INDUSTRIAL DEVELOPMENT</subfield>
        </datafield>
        <datafield tag="650" ind1="0" ind2="7">
            <subfield code="0">1279955</subfield>
            <subfield code="a">FOREIGN TRADE</subfield>
        </datafield>
        <datafield tag="650" ind1="0" ind2="7">
            <subfield code="0">1282314</subfield>
            <subfield code="a">MANPOWER DEVELOPMENT</subfield>
        </datafield>
        <datafield tag="650" ind1="0" ind2="7">
            <subfield code="0">1279319</subfield>
            <subfield code="a">MANUFACTURING</subfield>
        </datafield>
        <datafield tag="650" ind1="0" ind2="7">
            <subfield code="0">1283066</subfield>
            <subfield code="a">STATISTICAL DATA</subfield>
        </datafield>
        <datafield tag="650" ind1="0" ind2="7">
            <subfield code="0">1278084</subfield>
            <subfield code="a">TERRITORIES OCCUPIED BY ISRAEL</subfield>
        </datafield>
        <datafield tag="651" ind1="0" ind2="7">
            <subfield code="0">1277330</subfield>
            <subfield code="a">WEST BANK (STATE OF PALESTINE)</subfield>
        </datafield>
        <datafield tag="651" ind1="0" ind2="7">
            <subfield code="0">1277046</subfield>
            <subfield code="a">GAZA STRIP (STATE OF PALESTINE)</subfield>
        </datafield>
        <datafield tag="710" ind1="2" ind2="0">
            <subfield code="0">940397</subfield>
            <subfield code="a">ECWA. Secretariat.</subfield>
        </datafield>
        <datafield tag="930" ind1=" " ind2=" ">
            <subfield code="a">UNDCUM80</subfield>
        </datafield>
        <datafield tag="930" ind1=" " ind2=" ">
            <subfield code="a">PALXXX92</subfield>
            <subfield code="b">001019</subfield>
        </datafield>
        <datafield tag="955" ind1=" " ind2=" ">
            <subfield code="a">13737100</subfield>
        </datafield>
        <datafield tag="980" ind1=" " ind2=" ">
            <subfield code="a">BIB</subfield>
        </datafield>
        <datafield tag="989" ind1=" " ind2=" ">
            <subfield code="a">Documents and Publications</subfield>
            <subfield code="b">Reports</subfield>
        </datafield>
        <datafield tag="998" ind1=" " ind2=" ">
            <subfield code="a">19961222190000</subfield>
            <subfield code="c">20130822082900</subfield>
            <subfield code="d">amcat</subfield>
        </datafield>
    </record>