

    
    <record>
        <controlfield tag="001">29655</controlfield>
        <controlfield tag="000">00920nam\\2200289#\\4500</controlfield>
        <controlfield tag="005">20170412234634.0</controlfield>
        <controlfield tag="008">820730s1981\\\\lbn\\\\\r\\\\\\\\\\\eng\u</controlfield>
        <datafield tag="035" ind1=" " ind2=" ">
            <subfield code="a">D0028614</subfield>
        </datafield>
        <datafield tag="035" ind1=" " ind2=" ">
            <subfield code="a">(DHL)105175</subfield>
        </datafield>
        <datafield tag="039" ind1=" " ind2=" ">
            <subfield code="a">DHU</subfield>
        </datafield>
        <datafield tag="040" ind1=" " ind2=" ">
            <subfield code="a">NNUN</subfield>
            <subfield code="b">eng</subfield>
        </datafield>
        <datafield tag="041" ind1=" " ind2=" ">
            <subfield code="a">engara</subfield>
        </datafield>
        <datafield tag="049" ind1=" " ind2=" ">
            <subfield code="a">lbn</subfield>
        </datafield>
        <datafield tag="089" ind1=" " ind2=" ">
            <subfield code="a">Miscellaneous (UN)</subfield>
            <subfield code="b">B19</subfield>
        </datafield>
        <datafield tag="091" ind1=" " ind2=" ">
            <subfield code="a">ltd</subfield>
        </datafield>
        <datafield tag="099" ind1=" " ind2=" ">
            <subfield code="a">UNH</subfield>
            <subfield code="b">DHU</subfield>
        </datafield>
        <datafield tag="191" ind1=" " ind2=" ">
            <subfield code="0">947086</subfield>
            <subfield code="a">E/ECWA/NR/SEM.3/15</subfield>
            <subfield code="b">E/ECWA/NR/SEM.3/</subfield>
            <subfield code="c">1981</subfield>
            <subfield code="d">E/ECWA/NR/SEM.3/</subfield>
            <subfield code="e">15</subfield>
            <subfield code="q">EECWANRSEM315</subfield>
            <subfield code="r">EECWANRSEM31981</subfield>
        </datafield>
        <datafield tag="239" ind1="1" ind2="0">
            <subfield code="a">Gorm, G. Technology and investment decision-making in national financial institutions</subfield>
        </datafield>
        <datafield tag="245" ind1="1" ind2="0">
            <subfield code="a">Technology and investment decision-making in national financial institution /</subfield>
            <subfield code="c">prepared by G. Gorm.</subfield>
        </datafield>
        <datafield tag="260" ind1=" " ind2=" ">
            <subfield code="a">Beirut :</subfield>
            <subfield code="b">UN,</subfield>
            <subfield code="c">23 Oct. 1981.</subfield>
        </datafield>
        <datafield tag="269" ind1=" " ind2=" ">
            <subfield code="a">19811023</subfield>
        </datafield>
        <datafield tag="300" ind1=" " ind2=" ">
            <subfield code="a">[13] p.</subfield>
        </datafield>
        <datafield tag="650" ind1="0" ind2="7">
            <subfield code="0">1278647</subfield>
            <subfield code="a">INVESTMENT POLICY</subfield>
        </datafield>
        <datafield tag="650" ind1="0" ind2="7">
            <subfield code="0">1281763</subfield>
            <subfield code="a">SCIENCE AND TECHNOLOGY POLICY</subfield>
        </datafield>
        <datafield tag="650" ind1="0" ind2="7">
            <subfield code="0">1281780</subfield>
            <subfield code="a">TECHNOLOGY TRANSFER</subfield>
        </datafield>
        <datafield tag="700" ind1="1" ind2="0">
            <subfield code="0">948671</subfield>
            <subfield code="a">Gorm, G.</subfield>
        </datafield>
        <datafield tag="856" ind1="4" ind2=" ">
            <subfield code="s">1776090</subfield>
            <subfield code="u">http://digitallibrary.un.org/record/29655/files/E_ECWA_NR_SEM.3_15-AR.pdf</subfield>
            <subfield code="y">العربية</subfield>
        </datafield>
        <datafield tag="856" ind1="4" ind2=" ">
            <subfield code="s">2108507</subfield>
            <subfield code="u">http://digitallibrary.un.org/record/29655/files/E_ECWA_NR_SEM.3_15-EN.pdf</subfield>
            <subfield code="y">English</subfield>
        </datafield>
        <datafield tag="930" ind1=" " ind2=" ">
            <subfield code="a">UNDJUN82</subfield>
        </datafield>
        <datafield tag="955" ind1=" " ind2=" ">
            <subfield code="a">13720700</subfield>
        </datafield>
        <datafield tag="980" ind1=" " ind2=" ">
            <subfield code="a">BIB</subfield>
        </datafield>
        <datafield tag="989" ind1=" " ind2=" ">
            <subfield code="a">Documents and Publications</subfield>
        </datafield>
        <datafield tag="998" ind1=" " ind2=" ">
            <subfield code="a">19961220190000</subfield>
            <subfield code="c">20090330080400</subfield>
            <subfield code="d">vwcat2</subfield>
        </datafield>
    </record>