

    
    <record>
        <controlfield tag="001">27945</controlfield>
        <controlfield tag="000">00787nam\\2200277#\\4500</controlfield>
        <controlfield tag="005">20170412234628.0</controlfield>
        <controlfield tag="008">820419s1981\\\\lbn\\\\\r\\\\\\\\\\\eng\u</controlfield>
        <datafield tag="035" ind1=" " ind2=" ">
            <subfield code="a">D0026852</subfield>
        </datafield>
        <datafield tag="035" ind1=" " ind2=" ">
            <subfield code="a">(DHL)102265</subfield>
        </datafield>
        <datafield tag="039" ind1=" " ind2=" ">
            <subfield code="a">DHU</subfield>
        </datafield>
        <datafield tag="040" ind1=" " ind2=" ">
            <subfield code="a">NNUN</subfield>
            <subfield code="b">eng</subfield>
        </datafield>
        <datafield tag="041" ind1=" " ind2=" ">
            <subfield code="a">eng</subfield>
        </datafield>
        <datafield tag="049" ind1=" " ind2=" ">
            <subfield code="a">lbn</subfield>
        </datafield>
        <datafield tag="089" ind1=" " ind2=" ">
            <subfield code="a">Miscellaneous (UN)</subfield>
            <subfield code="b">B19</subfield>
        </datafield>
        <datafield tag="091" ind1=" " ind2=" ">
            <subfield code="a">ltd</subfield>
        </datafield>
        <datafield tag="099" ind1=" " ind2=" ">
            <subfield code="a">UNH</subfield>
            <subfield code="b">DHU</subfield>
        </datafield>
        <datafield tag="191" ind1=" " ind2=" ">
            <subfield code="0">947086</subfield>
            <subfield code="a">E/ECWA/NR/SEM.3/17</subfield>
            <subfield code="b">E/ECWA/NR/SEM.3/</subfield>
            <subfield code="c">1981</subfield>
            <subfield code="d">E/ECWA/NR/SEM.3/</subfield>
            <subfield code="e">17</subfield>
            <subfield code="q">EECWANRSEM317</subfield>
            <subfield code="r">EECWANRSEM31981</subfield>
        </datafield>
        <datafield tag="245" ind1="1" ind2="0">
            <subfield code="a">Technical development in the Venezuelan Oil Services Industry :</subfield>
            <subfield code="b">the obstacles /</subfield>
            <subfield code="c">prepared by C. A. Anez.</subfield>
        </datafield>
        <datafield tag="260" ind1=" " ind2=" ">
            <subfield code="a">Beirut :</subfield>
            <subfield code="b">UN,</subfield>
            <subfield code="c">13 Aug. 1981.</subfield>
        </datafield>
        <datafield tag="269" ind1=" " ind2=" ">
            <subfield code="a">19810813</subfield>
        </datafield>
        <datafield tag="300" ind1=" " ind2=" ">
            <subfield code="a">[24] p.</subfield>
        </datafield>
        <datafield tag="650" ind1="0" ind2="7">
            <subfield code="0">1279694</subfield>
            <subfield code="a">PETROLEUM INDUSTRY</subfield>
        </datafield>
        <datafield tag="651" ind1="0" ind2="7">
            <subfield code="0">1282185</subfield>
            <subfield code="a">VENEZUELA (BOLIVARIAN REPUBLIC OF)</subfield>
        </datafield>
        <datafield tag="700" ind1="1" ind2="0">
            <subfield code="0">947779</subfield>
            <subfield code="a">Anez, C.A.</subfield>
        </datafield>
        <datafield tag="856" ind1="4" ind2=" ">
            <subfield code="s">5903372</subfield>
            <subfield code="u">http://digitallibrary.un.org/record/27945/files/E_ECWA_NR_SEM.3_17-EN.pdf</subfield>
            <subfield code="y">English</subfield>
        </datafield>
        <datafield tag="930" ind1=" " ind2=" ">
            <subfield code="a">UNDMAR82</subfield>
        </datafield>
        <datafield tag="955" ind1=" " ind2=" ">
            <subfield code="a">13720900</subfield>
        </datafield>
        <datafield tag="980" ind1=" " ind2=" ">
            <subfield code="a">BIB</subfield>
        </datafield>
        <datafield tag="989" ind1=" " ind2=" ">
            <subfield code="a">Documents and Publications</subfield>
        </datafield>
        <datafield tag="998" ind1=" " ind2=" ">
            <subfield code="a">19961220190000</subfield>
            <subfield code="c">20090330080400</subfield>
            <subfield code="d">vwcat2</subfield>
        </datafield>
    </record>