

    
    <record>
        <controlfield tag="001">25478</controlfield>
        <controlfield tag="000">00958nam\\2200301#\\4500</controlfield>
        <controlfield tag="005">20170412234621.0</controlfield>
        <controlfield tag="008">820121s1981\\\\lbn\\\\\r\\\\\\\\\\\eng\u</controlfield>
        <datafield tag="035" ind1=" " ind2=" ">
            <subfield code="a">D0024347</subfield>
        </datafield>
        <datafield tag="035" ind1=" " ind2=" ">
            <subfield code="a">(DHL)98216</subfield>
        </datafield>
        <datafield tag="039" ind1=" " ind2=" ">
            <subfield code="a">DHU</subfield>
        </datafield>
        <datafield tag="040" ind1=" " ind2=" ">
            <subfield code="a">NNUN</subfield>
            <subfield code="b">eng</subfield>
        </datafield>
        <datafield tag="041" ind1=" " ind2=" ">
            <subfield code="a">engfre</subfield>
        </datafield>
        <datafield tag="049" ind1=" " ind2=" ">
            <subfield code="a">lbn</subfield>
        </datafield>
        <datafield tag="089" ind1=" " ind2=" ">
            <subfield code="a">Miscellaneous (UN)</subfield>
            <subfield code="b">B19</subfield>
        </datafield>
        <datafield tag="091" ind1=" " ind2=" ">
            <subfield code="a">LTD</subfield>
        </datafield>
        <datafield tag="099" ind1=" " ind2=" ">
            <subfield code="a">UNH</subfield>
            <subfield code="b">DHU</subfield>
        </datafield>
        <datafield tag="191" ind1=" " ind2=" ">
            <subfield code="0">944826</subfield>
            <subfield code="a">E/ECWA/POP/CONF.4/WP.9</subfield>
            <subfield code="b">E/ECWA/POP/CONF.4/</subfield>
            <subfield code="c">1981</subfield>
            <subfield code="d">E/ECWA/POP/CONF.4/</subfield>
            <subfield code="e">WP.9</subfield>
            <subfield code="q">EECWAPOPCONF4WP9</subfield>
            <subfield code="r">EECWAPOPCONF41981</subfield>
        </datafield>
        <datafield tag="245" ind1="1" ind2="0">
            <subfield code="a">Immigration law and management in the major receiving countries outside the Arab region /</subfield>
            <subfield code="c">prepared by Freda Hawkins, Professor of Political Science, University of Toronto, Toronto, Ontario.</subfield>
        </datafield>
        <datafield tag="260" ind1=" " ind2=" ">
            <subfield code="a">Beirut :</subfield>
            <subfield code="b">UN,</subfield>
            <subfield code="c">27 Feb. 1981.</subfield>
        </datafield>
        <datafield tag="269" ind1=" " ind2=" ">
            <subfield code="a">19810227</subfield>
        </datafield>
        <datafield tag="300" ind1=" " ind2=" ">
            <subfield code="a">[42] p. :</subfield>
            <subfield code="b">tables.</subfield>
        </datafield>
        <datafield tag="650" ind1="0" ind2="7">
            <subfield code="0">1280092</subfield>
            <subfield code="a">IMMIGRATION POLICY</subfield>
        </datafield>
        <datafield tag="651" ind1="0" ind2="7">
            <subfield code="0">1282275</subfield>
            <subfield code="a">AUSTRALIA</subfield>
        </datafield>
        <datafield tag="651" ind1="0" ind2="7">
            <subfield code="0">1282144</subfield>
            <subfield code="a">CANADA</subfield>
        </datafield>
        <datafield tag="651" ind1="0" ind2="7">
            <subfield code="0">1282895</subfield>
            <subfield code="a">UNITED STATES</subfield>
        </datafield>
        <datafield tag="700" ind1="1" ind2="0">
            <subfield code="0">947100</subfield>
            <subfield code="a">Hawkins, Freda.</subfield>
        </datafield>
        <datafield tag="930" ind1=" " ind2=" ">
            <subfield code="a">UNDDEC81</subfield>
        </datafield>
        <datafield tag="955" ind1=" " ind2=" ">
            <subfield code="a">13724800</subfield>
        </datafield>
        <datafield tag="980" ind1=" " ind2=" ">
            <subfield code="a">BIB</subfield>
        </datafield>
        <datafield tag="989" ind1=" " ind2=" ">
            <subfield code="a">Documents and Publications</subfield>
        </datafield>
        <datafield tag="998" ind1=" " ind2=" ">
            <subfield code="a">19961220190000</subfield>
            <subfield code="c">20081126063400</subfield>
            <subfield code="d">amcat</subfield>
        </datafield>
    </record>