

    
    <record>
        <controlfield tag="001">21296</controlfield>
        <controlfield tag="000">01040nam\\2200289#\\4500</controlfield>
        <controlfield tag="005">20170412235156.0</controlfield>
        <controlfield tag="008">810925s1980\\\\lbn\\\\\r\\\\\\\\\\\eng\u</controlfield>
        <datafield tag="035" ind1=" " ind2=" ">
            <subfield code="a">D0020235</subfield>
        </datafield>
        <datafield tag="035" ind1=" " ind2=" ">
            <subfield code="a">(DHL)91448</subfield>
        </datafield>
        <datafield tag="039" ind1=" " ind2=" ">
            <subfield code="a">DHU</subfield>
        </datafield>
        <datafield tag="040" ind1=" " ind2=" ">
            <subfield code="a">NNUN</subfield>
            <subfield code="b">eng</subfield>
        </datafield>
        <datafield tag="041" ind1=" " ind2=" ">
            <subfield code="a">eng</subfield>
        </datafield>
        <datafield tag="049" ind1=" " ind2=" ">
            <subfield code="a">lbn</subfield>
        </datafield>
        <datafield tag="089" ind1=" " ind2=" ">
            <subfield code="a">Miscellaneous (UN)</subfield>
            <subfield code="b">B19</subfield>
        </datafield>
        <datafield tag="091" ind1=" " ind2=" ">
            <subfield code="a">ltd</subfield>
        </datafield>
        <datafield tag="099" ind1=" " ind2=" ">
            <subfield code="a">UNH</subfield>
            <subfield code="b">DHU</subfield>
        </datafield>
        <datafield tag="191" ind1=" " ind2=" ">
            <subfield code="0">944282</subfield>
            <subfield code="a">E/ECWA/POP/WG.13/4</subfield>
            <subfield code="b">E/ECWA/POP/WG.13/</subfield>
            <subfield code="c">1980</subfield>
            <subfield code="d">E/ECWA/POP/WG.13/</subfield>
            <subfield code="e">4</subfield>
            <subfield code="q">EECWAPOPWG134</subfield>
            <subfield code="r">EECWAPOPWG131980</subfield>
        </datafield>
        <datafield tag="245" ind1="1" ind2="0">
            <subfield code="a">Use of sampling in population and housing censuses :</subfield>
            <subfield code="b">some supplementary observations /</subfield>
            <subfield code="c">prepared by Population Programmes and Projects Branch Department of Technical Co-operation for Development, United Nations.</subfield>
        </datafield>
        <datafield tag="260" ind1=" " ind2=" ">
            <subfield code="a">Beirut :</subfield>
            <subfield code="b">UN,</subfield>
            <subfield code="c">1 Dec. 1980.</subfield>
        </datafield>
        <datafield tag="269" ind1=" " ind2=" ">
            <subfield code="a">19801201</subfield>
        </datafield>
        <datafield tag="300" ind1=" " ind2=" ">
            <subfield code="a">[33] p., including annex.</subfield>
        </datafield>
        <datafield tag="650" ind1="0" ind2="4">
            <subfield code="0">1280389</subfield>
            <subfield code="a">HOUSING CENSUSES</subfield>
        </datafield>
        <datafield tag="650" ind1="0" ind2="7">
            <subfield code="0">1280122</subfield>
            <subfield code="a">POPULATION CENSUSES</subfield>
        </datafield>
        <datafield tag="650" ind1="0" ind2="7">
            <subfield code="0">1280138</subfield>
            <subfield code="a">SAMPLE CENSUSES</subfield>
        </datafield>
        <datafield tag="710" ind1="2" ind2="0">
            <subfield code="0">945518</subfield>
            <subfield code="a">UN. Department of Technical Cooperation for Development. Population Programmes and Project Branch.</subfield>
        </datafield>
        <datafield tag="930" ind1=" " ind2=" ">
            <subfield code="a">UNDJUN81</subfield>
        </datafield>
        <datafield tag="955" ind1=" " ind2=" ">
            <subfield code="a">13727200</subfield>
        </datafield>
        <datafield tag="980" ind1=" " ind2=" ">
            <subfield code="a">BIB</subfield>
        </datafield>
        <datafield tag="989" ind1=" " ind2=" ">
            <subfield code="a">Documents and Publications</subfield>
        </datafield>
        <datafield tag="998" ind1=" " ind2=" ">
            <subfield code="a">19961220190000</subfield>
            <subfield code="c">20160205095300</subfield>
            <subfield code="d">shkcat</subfield>
        </datafield>
    </record>