

    
    <record>
        <controlfield tag="001">19980</controlfield>
        <controlfield tag="000">00928nam\\2200301#\\4500</controlfield>
        <controlfield tag="005">20170412234601.0</controlfield>
        <controlfield tag="008">810601s1980\\\\usa\\\\\r\\\\\\\\\\\eng\u</controlfield>
        <datafield tag="035" ind1=" " ind2=" ">
            <subfield code="a">D0018908</subfield>
        </datafield>
        <datafield tag="035" ind1=" " ind2=" ">
            <subfield code="a">(DHL)89235</subfield>
        </datafield>
        <datafield tag="039" ind1=" " ind2=" ">
            <subfield code="a">DHU</subfield>
        </datafield>
        <datafield tag="040" ind1=" " ind2=" ">
            <subfield code="a">NNUN</subfield>
            <subfield code="b">eng</subfield>
        </datafield>
        <datafield tag="041" ind1=" " ind2=" ">
            <subfield code="a">engfre</subfield>
        </datafield>
        <datafield tag="049" ind1=" " ind2=" ">
            <subfield code="a">usa</subfield>
        </datafield>
        <datafield tag="089" ind1=" " ind2=" ">
            <subfield code="a">Miscellaneous (UN)</subfield>
            <subfield code="b">B19</subfield>
        </datafield>
        <datafield tag="091" ind1=" " ind2=" ">
            <subfield code="a">ltd</subfield>
        </datafield>
        <datafield tag="099" ind1=" " ind2=" ">
            <subfield code="a">UNH</subfield>
            <subfield code="b">DHU</subfield>
        </datafield>
        <datafield tag="191" ind1=" " ind2=" ">
            <subfield code="0">944830</subfield>
            <subfield code="a">E/ECWA/STAT/WG.3/3</subfield>
            <subfield code="b">E/ECWA/STAT/WG.3/</subfield>
            <subfield code="c">1981</subfield>
            <subfield code="d">E/ECWA/STAT/WG.3/</subfield>
            <subfield code="e">3</subfield>
            <subfield code="q">EECWASTATWG33</subfield>
            <subfield code="r">EECWASTATWG31981</subfield>
        </datafield>
        <datafield tag="245" ind1="1" ind2="0">
            <subfield code="a">Foreign trade and industrial statistics of the Syrian Arab Republic. Coverage - valuation - strengths - weaknesses /</subfield>
            <subfield code="c">by Farid Al-Boustany.</subfield>
        </datafield>
        <datafield tag="260" ind1=" " ind2=" ">
            <subfield code="a">New York :</subfield>
            <subfield code="b">UN,</subfield>
            <subfield code="c">22 Dec. 1980.</subfield>
        </datafield>
        <datafield tag="269" ind1=" " ind2=" ">
            <subfield code="a">19801222</subfield>
        </datafield>
        <datafield tag="300" ind1=" " ind2=" ">
            <subfield code="a">iv, [78] p. :</subfield>
            <subfield code="b">tables.</subfield>
        </datafield>
        <datafield tag="650" ind1="0" ind2="7">
            <subfield code="0">1279359</subfield>
            <subfield code="a">INDUSTRIAL STATISTICS</subfield>
        </datafield>
        <datafield tag="650" ind1="0" ind2="7">
            <subfield code="0">1279992</subfield>
            <subfield code="a">TRADE STATISTICS</subfield>
        </datafield>
        <datafield tag="650" ind1="0" ind2="7">
            <subfield code="0">1279955</subfield>
            <subfield code="a">FOREIGN TRADE</subfield>
        </datafield>
        <datafield tag="651" ind1="0" ind2="7">
            <subfield code="0">1282270</subfield>
            <subfield code="a">SYRIAN ARAB REPUBLIC</subfield>
        </datafield>
        <datafield tag="700" ind1="1" ind2=" ">
            <subfield code="0">944831</subfield>
            <subfield code="a">Al-Boustany, Farid.</subfield>
        </datafield>
        <datafield tag="930" ind1=" " ind2=" ">
            <subfield code="a">UNDAPR81</subfield>
        </datafield>
        <datafield tag="955" ind1=" " ind2=" ">
            <subfield code="a">13733800</subfield>
        </datafield>
        <datafield tag="980" ind1=" " ind2=" ">
            <subfield code="a">BIB</subfield>
        </datafield>
        <datafield tag="989" ind1=" " ind2=" ">
            <subfield code="a">Documents and Publications</subfield>
        </datafield>
        <datafield tag="998" ind1=" " ind2=" ">
            <subfield code="a">19961220190000</subfield>
            <subfield code="c">20090330102800</subfield>
            <subfield code="d">vwcat2</subfield>
        </datafield>
    </record>