

    
    <record>
        <controlfield tag="001">19971</controlfield>
        <controlfield tag="000">00923cam\\2200325#\\4500</controlfield>
        <controlfield tag="005">20170412234601.0</controlfield>
        <controlfield tag="008">810603s1980\\\\lbn\\\\\r\\\\\\\\\\\eng\u</controlfield>
        <datafield tag="035" ind1=" " ind2=" ">
            <subfield code="a">D0018899</subfield>
        </datafield>
        <datafield tag="035" ind1=" " ind2=" ">
            <subfield code="a">(DHL)89226</subfield>
        </datafield>
        <datafield tag="039" ind1=" " ind2=" ">
            <subfield code="a">DHU</subfield>
        </datafield>
        <datafield tag="040" ind1=" " ind2=" ">
            <subfield code="a">NNUN</subfield>
            <subfield code="b">eng</subfield>
        </datafield>
        <datafield tag="041" ind1=" " ind2=" ">
            <subfield code="a">eng</subfield>
        </datafield>
        <datafield tag="049" ind1=" " ind2=" ">
            <subfield code="a">lbn</subfield>
        </datafield>
        <datafield tag="089" ind1=" " ind2=" ">
            <subfield code="a">Reports/studies</subfield>
            <subfield code="b">B16</subfield>
        </datafield>
        <datafield tag="091" ind1=" " ind2=" ">
            <subfield code="a">ltd</subfield>
        </datafield>
        <datafield tag="099" ind1=" " ind2=" ">
            <subfield code="a">UNH</subfield>
            <subfield code="b">DHU</subfield>
        </datafield>
        <datafield tag="191" ind1=" " ind2=" ">
            <subfield code="0">944820</subfield>
            <subfield code="a">E/ECWA/AGRI/80/3</subfield>
            <subfield code="b">E/ECWA/AGRI/</subfield>
            <subfield code="c">1980</subfield>
            <subfield code="d">E/ECWA/AGRI/</subfield>
            <subfield code="e">80/3</subfield>
            <subfield code="q">EECWAAGRI803</subfield>
            <subfield code="r">EECWAAGRI1980</subfield>
        </datafield>
        <datafield tag="245" ind1="1" ind2="2">
            <subfield code="a">A study of adjustment of output to price in the agricultural sector /</subfield>
            <subfield code="c">by Syed Ahmad, Professor of Economics, McMaster University.</subfield>
        </datafield>
        <datafield tag="260" ind1=" " ind2=" ">
            <subfield code="a">Beirut :</subfield>
            <subfield code="b">UN,</subfield>
            <subfield code="c">Oct. 1980.</subfield>
        </datafield>
        <datafield tag="269" ind1=" " ind2=" ">
            <subfield code="a">198010</subfield>
        </datafield>
        <datafield tag="300" ind1=" " ind2=" ">
            <subfield code="a">ii, 59 p. :</subfield>
            <subfield code="b">tables.</subfield>
        </datafield>
        <datafield tag="650" ind1="0" ind2="7">
            <subfield code="0">1279031</subfield>
            <subfield code="a">AGRICULTURAL POLICY</subfield>
        </datafield>
        <datafield tag="651" ind1="0" ind2="7">
            <subfield code="0">1282261</subfield>
            <subfield code="a">IRAQ</subfield>
        </datafield>
        <datafield tag="651" ind1="0" ind2="7">
            <subfield code="0">1282262</subfield>
            <subfield code="a">JORDAN</subfield>
        </datafield>
        <datafield tag="651" ind1="0" ind2="7">
            <subfield code="0">1282269</subfield>
            <subfield code="a">SAUDI ARABIA</subfield>
        </datafield>
        <datafield tag="651" ind1="0" ind2="7">
            <subfield code="0">1282270</subfield>
            <subfield code="a">SYRIAN ARAB REPUBLIC</subfield>
        </datafield>
        <datafield tag="651" ind1="0" ind2="7">
            <subfield code="0">1282273</subfield>
            <subfield code="a">WESTERN ASIA</subfield>
        </datafield>
        <datafield tag="700" ind1="1" ind2="0">
            <subfield code="0">944821</subfield>
            <subfield code="a">Ahmad, Syed.</subfield>
        </datafield>
        <datafield tag="856" ind1="4" ind2=" ">
            <subfield code="s">5890007</subfield>
            <subfield code="u">http://digitallibrary.un.org/record/19971/files/E_ECWA_AGRI_80_3-EN.pdf</subfield>
            <subfield code="y">English</subfield>
        </datafield>
        <datafield tag="930" ind1=" " ind2=" ">
            <subfield code="a">UNDAPR81</subfield>
        </datafield>
        <datafield tag="955" ind1=" " ind2=" ">
            <subfield code="a">13705400</subfield>
        </datafield>
        <datafield tag="980" ind1=" " ind2=" ">
            <subfield code="a">BIB</subfield>
        </datafield>
        <datafield tag="989" ind1=" " ind2=" ">
            <subfield code="a">Documents and Publications</subfield>
        </datafield>
        <datafield tag="998" ind1=" " ind2=" ">
            <subfield code="a">19961220190000</subfield>
            <subfield code="c">20090327071700</subfield>
            <subfield code="d">vwcat2</subfield>
        </datafield>
    </record>