

    
    <record>
        <controlfield tag="001">17769</controlfield>
        <controlfield tag="000">01503nam\\2200385#\\4500</controlfield>
        <controlfield tag="005">20170412133525.0</controlfield>
        <controlfield tag="008">810223s1980\\\\lbn\\\\\r\\\\\\\\\\\eng\u</controlfield>
        <datafield tag="035" ind1=" " ind2=" ">
            <subfield code="a">D0016663</subfield>
        </datafield>
        <datafield tag="035" ind1=" " ind2=" ">
            <subfield code="a">(DHL)85357</subfield>
        </datafield>
        <datafield tag="039" ind1=" " ind2=" ">
            <subfield code="a">DHU</subfield>
        </datafield>
        <datafield tag="040" ind1=" " ind2=" ">
            <subfield code="a">NNUN</subfield>
            <subfield code="b">eng</subfield>
        </datafield>
        <datafield tag="041" ind1=" " ind2=" ">
            <subfield code="a">eng</subfield>
        </datafield>
        <datafield tag="049" ind1=" " ind2=" ">
            <subfield code="a">lbn</subfield>
        </datafield>
        <datafield tag="069" ind1=" " ind2=" ">
            <subfield code="a">PAL</subfield>
            <subfield code="b">T00</subfield>
        </datafield>
        <datafield tag="089" ind1=" " ind2=" ">
            <subfield code="a">Conferences, etc.</subfield>
            <subfield code="b">A16</subfield>
        </datafield>
        <datafield tag="091" ind1=" " ind2=" ">
            <subfield code="a">LTD</subfield>
        </datafield>
        <datafield tag="099" ind1=" " ind2=" ">
            <subfield code="a">UNH</subfield>
            <subfield code="b">DHU</subfield>
        </datafield>
        <datafield tag="191" ind1=" " ind2=" ">
            <subfield code="0">943919</subfield>
            <subfield code="a">E/ECWA/SDHS/CONF.4/7/S</subfield>
            <subfield code="b">E/ECWA/SDHS/CONF.4/</subfield>
            <subfield code="c">1979</subfield>
            <subfield code="d">E/ECWA/SDHS/CONF.4/</subfield>
            <subfield code="e">7/S</subfield>
            <subfield code="f">001676</subfield>
            <subfield code="q">EECWASDHSCONF47S</subfield>
            <subfield code="r">EECWASDHSCONF41979</subfield>
        </datafield>
        <datafield tag="245" ind1="1" ind2="0">
            <subfield code="a">Summary of the final report, "The Regional Programme of Action for Western Asia for the 2nd half of the United Nations Decade for Women :</subfield>
            <subfield code="b">Equality, Development, and Peace, 1981-1985", and "Special measures of assistance to the Palestinian woman". To be submitted to the Preparatory Committee of the World Conference of the United Nations Decade for Women, 1980.</subfield>
        </datafield>
        <datafield tag="260" ind1=" " ind2=" ">
            <subfield code="a">Beirut :</subfield>
            <subfield code="b">UN,</subfield>
            <subfield code="c">4 Jan. 1980.</subfield>
        </datafield>
        <datafield tag="269" ind1=" " ind2=" ">
            <subfield code="a">19800104</subfield>
        </datafield>
        <datafield tag="300" ind1=" " ind2=" ">
            <subfield code="a">[15] p.</subfield>
        </datafield>
        <datafield tag="630" ind1="0" ind2="7">
            <subfield code="0">868630</subfield>
            <subfield code="a">UN Decade for Women : Equality, Development and Peace (1976-1985)</subfield>
        </datafield>
        <datafield tag="650" ind1="0" ind2="7">
            <subfield code="0">1282637</subfield>
            <subfield code="a">PROGRAMMES OF ACTION</subfield>
        </datafield>
        <datafield tag="650" ind1="0" ind2="7">
            <subfield code="0">1281013</subfield>
            <subfield code="a">WOMEN IN DEVELOPMENT</subfield>
        </datafield>
        <datafield tag="650" ind1="0" ind2="7">
            <subfield code="0">1283087</subfield>
            <subfield code="a">WOMEN'S ADVANCEMENT</subfield>
        </datafield>
        <datafield tag="650" ind1="0" ind2="7">
            <subfield code="0">1283197</subfield>
            <subfield code="a">AID PROGRAMMES</subfield>
        </datafield>
        <datafield tag="650" ind1="0" ind2="7">
            <subfield code="0">1282499</subfield>
            <subfield code="a">PALESTINIANS</subfield>
        </datafield>
        <datafield tag="650" ind1="0" ind2="7">
            <subfield code="0">1280146</subfield>
            <subfield code="a">WOMEN</subfield>
        </datafield>
        <datafield tag="650" ind1="0" ind2="7">
            <subfield code="0">1282997</subfield>
            <subfield code="a">INTERNATIONAL DECADES</subfield>
        </datafield>
        <datafield tag="651" ind1="0" ind2="7">
            <subfield code="0">1282273</subfield>
            <subfield code="a">WESTERN ASIA</subfield>
        </datafield>
        <datafield tag="711" ind1="2" ind2="0">
            <subfield code="0">944052</subfield>
            <subfield code="a">Regional Preparatory Meeting of the World Conference for the United Nations Decade for Women (1979 : Damascus)</subfield>
        </datafield>
        <datafield tag="930" ind1=" " ind2=" ">
            <subfield code="a">UNDJAN81</subfield>
        </datafield>
        <datafield tag="930" ind1=" " ind2=" ">
            <subfield code="a">PALXXX92</subfield>
            <subfield code="b">001566</subfield>
        </datafield>
        <datafield tag="955" ind1=" " ind2=" ">
            <subfield code="a">13731300</subfield>
        </datafield>
        <datafield tag="980" ind1=" " ind2=" ">
            <subfield code="a">BIB</subfield>
        </datafield>
        <datafield tag="989" ind1=" " ind2=" ">
            <subfield code="a">Documents and Publications</subfield>
            <subfield code="b">Reports</subfield>
        </datafield>
        <datafield tag="998" ind1=" " ind2=" ">
            <subfield code="a">19961219190000</subfield>
            <subfield code="c">19971020202400</subfield>
        </datafield>
    </record>