

    
    <record>
        <controlfield tag="001">17052</controlfield>
        <controlfield tag="000">00950nam\\2200301#\\4500</controlfield>
        <controlfield tag="005">20170412234552.0</controlfield>
        <controlfield tag="008">810511s1979\\\\irq\\\\\r\\\\\\\\\\\eng\u</controlfield>
        <datafield tag="035" ind1=" " ind2=" ">
            <subfield code="a">D0015933</subfield>
        </datafield>
        <datafield tag="035" ind1=" " ind2=" ">
            <subfield code="a">(DHL)84140</subfield>
        </datafield>
        <datafield tag="039" ind1=" " ind2=" ">
            <subfield code="a">DHU</subfield>
        </datafield>
        <datafield tag="040" ind1=" " ind2=" ">
            <subfield code="a">NNUN</subfield>
            <subfield code="b">eng</subfield>
        </datafield>
        <datafield tag="041" ind1=" " ind2=" ">
            <subfield code="a">eng</subfield>
        </datafield>
        <datafield tag="049" ind1=" " ind2=" ">
            <subfield code="a">irq</subfield>
        </datafield>
        <datafield tag="089" ind1=" " ind2=" ">
            <subfield code="a">Miscellaneous (UN)</subfield>
            <subfield code="b">B19</subfield>
        </datafield>
        <datafield tag="091" ind1=" " ind2=" ">
            <subfield code="a">ltd</subfield>
        </datafield>
        <datafield tag="099" ind1=" " ind2=" ">
            <subfield code="a">UNH</subfield>
            <subfield code="b">DHU</subfield>
        </datafield>
        <datafield tag="191" ind1=" " ind2=" ">
            <subfield code="0">943904</subfield>
            <subfield code="a">E/ECWA/IAD/WG.11/26</subfield>
            <subfield code="b">E/ECWA/IAD/WG.11/</subfield>
            <subfield code="c">1979</subfield>
            <subfield code="d">E/ECWA/IAD/WG.11/</subfield>
            <subfield code="e">26</subfield>
            <subfield code="q">EECWAIADWG1126</subfield>
            <subfield code="r">EECWAIADWG111979</subfield>
        </datafield>
        <datafield tag="245" ind1="1" ind2="0">
            <subfield code="a">Studies on Nile water quality before and after the High Dam and its effect on soil fertility /</subfield>
            <subfield code="c">prepared by B. S. Zikri, M. S. El-Sawaby, Agriculture Research Centre, Cairo, Arab Republic of Egypt.</subfield>
        </datafield>
        <datafield tag="260" ind1=" " ind2=" ">
            <subfield code="a">Baghdad :</subfield>
            <subfield code="b">UN,</subfield>
            <subfield code="c">17 Jan. 1979.</subfield>
        </datafield>
        <datafield tag="269" ind1=" " ind2=" ">
            <subfield code="a">19790117</subfield>
        </datafield>
        <datafield tag="300" ind1=" " ind2=" ">
            <subfield code="a">[24] p.</subfield>
        </datafield>
        <datafield tag="650" ind1="0" ind2="7">
            <subfield code="0">1279064</subfield>
            <subfield code="a">IRRIGATION</subfield>
        </datafield>
        <datafield tag="650" ind1="0" ind2="7">
            <subfield code="0">1278844</subfield>
            <subfield code="a">WATER RESOURCES DEVELOPMENT</subfield>
        </datafield>
        <datafield tag="651" ind1="0" ind2="7">
            <subfield code="0">1282088</subfield>
            <subfield code="a">EGYPT</subfield>
        </datafield>
        <datafield tag="700" ind1="1" ind2="0">
            <subfield code="0">943906</subfield>
            <subfield code="a">Zikri, B. S.</subfield>
        </datafield>
        <datafield tag="700" ind1="1" ind2=" ">
            <subfield code="0">943907</subfield>
            <subfield code="a">El-Sawaby, M.S.</subfield>
        </datafield>
        <datafield tag="930" ind1=" " ind2=" ">
            <subfield code="a">UNDCUM80</subfield>
        </datafield>
        <datafield tag="955" ind1=" " ind2=" ">
            <subfield code="a">13710900</subfield>
        </datafield>
        <datafield tag="980" ind1=" " ind2=" ">
            <subfield code="a">BIB</subfield>
        </datafield>
        <datafield tag="989" ind1=" " ind2=" ">
            <subfield code="a">Documents and Publications</subfield>
        </datafield>
        <datafield tag="998" ind1=" " ind2=" ">
            <subfield code="a">19961219190000</subfield>
            <subfield code="c">20090327080300</subfield>
            <subfield code="d">vwcat2</subfield>
        </datafield>
    </record>